3146 5316
134 537 189 615 or]
454 533 664 596 rrouoorr
684 532 898 596 socruum.
1172 543 1231 602 ror

132 705 179 756 ego
192 691 226 740 aie
236 689 344 748 effeetus,
355 695 380 738 et
390 703 456 738 nuno
464 687 599 754 perquirere
607 688 702 752 perrim,
718 687 765 736 deo
782 703 876 753 perenn,
894 695 920 738 et
930 690 1067 752 perroruteri
1077 696 1230 757 deoduino,

132 771 386 834 eonvenieoariqnem
396 769 535 819 noreieium
545 776 588 818 eut
603 770 777 834 peregrinorum
794 785 845 818 eoae
861 769 991 819 eriatimem
1008 770 1148 834 rapientem.
1165 777 1231 827 aeai

133 853 230 917 quando
240 851 297 900 milri
305 849 345 900 iiie
356 851 409 900 telin
418 865 466 898 noo
477 851 603 910 videatur3
621 855 677 898 tuno
689 849 739 914 ipae
750 848 796 898 deo
805 849 955 912 totingetun,
964 849 1032 904 ilium
1039 853 1171 915 replentem
1180 872 1229 908 non

133 947 185 982 eaeo
195 933 338 982 demonemo.
371 929 454 994 Atque
464 931 496 978 ob
515 930 684 994 ooeupetionea
697 928 816 992 ejnamodi
832 929 922 978 nulium
940 931 998 978 mihi
1007 930 1079 981 ienne
1089 933 1231 1000 relinquitur

130 1014 206 1062 etium
217 1012 254 1060 rel
265 1013 296 1060 ed
307 1011 429 1077 publicum
439 1010 530 1075 eliquid
541 1009 671 1075 egendum,
681 1008 719 1056 rei
730 1009 862 1074 privatum
877 1011 920 1058 red
930 1010 955 1060 in
972 1019 1075 1061 extrema
1090 1023 1229 1080 paupertare

130 1093 162 1140 ob
173 1091 221 1140 Dei
231 1093 322 1142 cultum
331 1107 383 1140 rum
401 1091 552 1141 ooneritutua.
584 1091 702 1139 Preteren
712 1089 874 1139 edoiuoeutea
885 1091 984 1140 merim
995 1093 1112 1158 opulenti,
1127 1097 1199 1160 quire
1215 1115 1230 1148 n

130 1173 231 1236 negotiis
243 1180 336 1230 ruenni,
348 1188 386 1222 me
396 1172 457 1220 uiuo
469 1177 596 1236 requenter
606 1171 764 1228 delectantur,
784 1187 838 1219 oum
848 1171 947 1220 reioliia
958 1173 1026 1220 nobie
1039 1174 1145 1224 hominen
1159 1193 1230 1242 apee·

129 1260 189 1302 tant.
206 1253 347 1317 quinetiam
357 1252 404 1318 ipai
415 1265 588 1316 nonnunquam
600 1267 637 1298 me
654 1251 750 1308 imitati,
766 1250 825 1299 elion
843 1251 931 1300 deinde
942 1253 1063 1304 ooniniere
1072 1259 1228 1308 contendunt.

129 1333 185 1390 Qua
194 1333 292 1398 quidem
304 1333 330 1382 in
341 1349 366 1382 re
378 1332 502 1397 plurimum
514 1331 635 1396 reperiunt
640 1333 732 1380 turbem
743 1332 875 1395 hominum,
886 1333 977 1398 eliquid
985 1349 1010 1384 ae
1017 1335 1076 1386 aeine
1086 1340 1228 1404 putantium,

128 1429 184 1463 eum
195 1414 306 1462 antniirii
317 1414 403 1476 rolant,
423 1421 464 1462 aut
476 1427 608 1478 perpurum.
624 1413 732 1476 quivero
752 1413 783 1461 eb
799 1413 836 1462 hia
852 1413 1032 1478 oonrineuntur,
1048 1431 1097 1465 non
1116 1427 1164 1468 tem
1180 1421 1229 1472 illie

128 1509 201 1558 qnam
213 1493 271 1543 mihi
281 1495 411 1544 redduntur
421 1494 521 1543 inienair
537 1494 687 1558 clamantque
704 1509 755 1542 eoae
773 1493 893 1543 Socratem
911 1495 1030 1559 quendem
1040 1497 1229 1552 aeeleeiinaimum

124 1573 310 1638 juventutieqne
320 1584 489 1640 corruptorem.
520 1575 555 1622 Ar
565 1575 585 1624 ai
595 1574 649 1639 qnia
658 1573 790 1624 adnuiteiur
805 1575 835 1624 nb
849 1575 894 1637 ein,
910 1575 1022 1639 quidunm
1035 1577 1070 1626 rei
1086 1581 1179 1644 agendo
1191 1585 1229 1634 vei

127 1655 242 1704 dooendo
253 1663 395 1720 eonompnt,
406 1655 464 1704 nihii
475 1653 572 1720 quidem
583 1655 700 1720 mignere
712 1663 820 1719 poenum,
838 1655 910 1704 immo
921 1671 1014 1719 prorrur
1030 1657 1147 1722 ignorant.
1179 1665 1228 1714 Sed

127 1750 163 1783 ne
172 1736 257 1783 deeaee
267 1734 314 1784 illie
323 1736 420 1784 materie
431 1735 547 1794 ridentur,
559 1736 589 1783 ud
608 1734 652 1783 ieta
663 1735 814 1800 confugiunt,
823 1751 877 1799 que
888 1737 1007 1786 eommuni
1015 1754 1074 1789 rone
1085 1741 1155 1792 iroiie
1174 1745 1227 1809 piri.

126 1815 311 1880 loanphentlbua
321 1817 396 1881 objioi
405 1817 500 1866 aoient:
517 1832 559 1865 eoa
574 1815 666 1866 reiiioet
681 1831 759 1881 neque
775 1816 883 1865 sublimio
898 1832 970 1881 nuper
984 1830 1066 1868 terrem
1083 1837 1161 1887 neque
1172 1840 1227 1889 pro-

125 1896 205 1944 funde
214 1897 259 1945 nub
270 1905 346 1946 terre:
365 1913 443 1962 neque
454 1899 511 1947 deor
521 1912 573 1947 erre
583 1903 678 1961 puram,
695 1897 856 1962 rationemque
865 1898 999 1948 interiorem
1009 1901 1076 1963 qnnai
1086 1905 1227 1967 superiorem

126 1977 263 2026 eatendm.
279 1993 333 2026 rere
344 1979 417 2035 enirn,
429 1982 533 2042 utputo,
544 1979 612 2028 interi
624 1977 718 2037 nolunt,
731 1994 758 2027 re
769 1977 861 2028 reilioet
872 1979 1018 2043 indignetoa,
1029 1990 1153 2046 propteree
1163 1988 1228 2052 qued

126 2057 233 2106 eonvioti
244 2057 339 2123 inerint,
358 2059 467 2108 rimuinre
482 2075 508 2109 ee
524 2059 565 2108 iiie
584 2059 653 2122 noire,
669 2074 723 2124 quae
739 2061 857 2110 uerniuut.
889 2059 980 2123 Utpoto
994 2059 1066 2124 igitur
1076 2063 1194 2115 embitioei
1204 2077 1229 2116 er

126 2137 288 2196 veliementea,
297 2145 323 2188 et
333 2140 410 2197 multi,
420 2154 450 2189 eo
460 2140 526 2189 reiut
536 2156 566 2190 en
577 2141 720 2205 nompoeito,
731 2149 804 2204 utque
815 2141 909 2190 obnixe
918 2140 1085 2207 diligentiaque
1097 2147 1228 2208 perauaaio.

127 2217 167 2266 nia
176 2219 256 2266 studio
268 2235 304 2268 me
314 2219 474 2278 criminantea,
487 2229 575 2270 verua·
585 2235 652 2270 auree
662 2220 830 2285 impleverunt,
840 2223 866 2270 ei
879 2221 972 2284 jamdiu
983 2229 1009 2270 ei
1018 2239 1095 2288 nuper
1104 2227 1229 2278 alumniin

127 2298 154 2346 in
164 2313 203 2348 me
215 2299 320 2349 rtndioue
330 2300 447 2351 conteris.
481 2300 517 2349 Iia
528 2301 565 2350 irio
576 2309 654 2350 eutem
671 2300 781 2366 Melitun,
796 2309 822 2350 ei
832 2301 939 2366 Anytnr,
956 2309 982 2352 et
997 2303 1082 2369 Lyoon
1097 2315 1180 2356 ouuur
1190 2325 1229 2359 me

127 2389 287 2430 anmerernut.
319 2380 420 2430 Heiitua
437 2381 533 2449 quidem
550 2383 582 2432 ob
595 2390 678 2446 poetae
696 2383 752 2430 milri
772 2383 889 2444 inieetua3
905 2381 1003 2448 Anytna
1013 2399 1069 2434 aero
1080 2387 1112 2434 ob
1129 2389 1229 2440 arridere

125 2466 202 2524 nique
212 2459 349 2523 reipublice
359 2463 524 2526 gubernatore·
533 2479 542 2524 ς
558 2463 642 2528 Lyoon
659 2462 718 2528 [2⁴]
735 2463 838 2528 deniqne
854 2463 928 2528 gretie
944 2464 1070 2514 rhetorum.
1103 2467 1227 2526 Quamob-

125 2555 189 2597 rem,
199 2541 398 2604 quemadmodum
409 2542 439 2590 eb
449 2543 518 2592 initio
529 2541 646 2607 dioebnm,
657 2543 782 2592 admirarer
790 2545 910 2608 equidem,
920 2545 941 2594 ai
951 2545 1087 2609 opinionem
1097 2549 1165 2598 irinm
1174 2557 1227 2599 tnn-

122 2619 156 2668 iin
168 2627 311 2685 oonoeptem
321 2621 454 2680 oaiumniir,
471 2630 518 2672 tem
529 2623 690 2681 inveteretem,
705 2639 771 2673 nuuc
789 2625 814 2672 iu
825 2631 875 2673 tero
889 2625 954 2674 brevi
965 2633 1070 2691 temporo
1087 2645 1196 2680 emovere
1212 2649 1228 2681 e

129 2701 200 2750 rubin
211 2716 313 2764 ponem.
347 2701 408 2752 liare
419 2703 539 2768 equidem,
556 2705 626 2754 oriri
638 2703 806 2762 Atheniennen
817 2719 872 2754 rere
880 2705 948 2754 vobin
957 2706 1056 2771 loquor:
1078 2723 1156 2774 neque
1166 2712 1228 2770 nelo,

129 2797 210 2846 noque
226 2783 338 2832 aubtreiro
352 2792 395 2832 rut
403 2799 516 2850 maguum
526 2786 666 2850 quidquem,
677 2794 719 2835 ant
728 2801 842 2851 perrum5
858 2785 966 2850 quamrir
975 2787 1048 2836 ierme
1058 2789 1143 2848 norim,
1159 2791 1184 2838 in
1192 2792 1228 2842 hie

127 2863 238 2912 dioendie
247 2878 286 2912 me
293 2862 384 2912 eiadeur
395 2865 444 2914 iore
455 2865 589 2915 molentum.
622 2865 694 2924 Quod
705 2867 801 2931 quidem
812 2875 974 2931 ergumentum
986 2869 1052 2918 robia
1062 2877 1107 2926 eet,
1125 2885 1164 2920 me
1174 2887 1229 2922 rena

128 2944 204 3009 ioqui,
223 2952 296 3009 etque
314 2945 376 2994 hano
392 2961 444 2996 eene
461 2947 604 2996 calumninm
621 2957 704 2997 ountrn
716 2963 755 2996 me
768 2955 880 3006 exortam
898 2947 998 3013 ejuaque
1014 2965 1097 2999 naneae
1110 2950 1229 3015 ejnrmndi

128 3041 190 3074 eoae.
207 3032 233 3073 et
243 3023 293 3073 aire
303 3025 329 3073 in
341 3027 467 3090 prenuntia
477 3027 526 3077 rire
536 3028 563 3076 in
575 3035 693 3093 porterum
705 3029 756 3078 irruo
766 3029 898 3092 inquiretie,
914 3029 947 3077 lte
957 3045 1009 3080 eane
1019 3030 1153 3082 invenietis.
1185 3032 1228 3082 Ad

129 3105 173 3154 iiia
182 3105 262 3170 igitar,
272 3121 326 3172 qum
337 3107 406 3172 primi
420 3116 568 3158 nnoumtorea
585 3109 729 3166 detulerunt,
748 3109 799 3158 heo
815 3109 871 3158 milri
887 3109 1005 3160 roffioieua
1015 3113 1080 3176 apud
1091 3129 1133 3162 ror
1143 3113 1174 3162 ait
1183 3115 1226 3164 de·

129 3189 217 3240 ienrio.
248 3185 288 3238 Ad
299 3189 410 3238 dleiitam
422 3205 477 3239 vero
488 3191 575 3238 bonum
590 3198 624 3248 et,
640 3197 669 3240 nt
677 3190 728 3254 ipae
739 3190 783 3248 nit,
801 3189 884 3256 petrin
895 3198 1030 3247 emetorem,
1041 3200 1179 3257 ceterosque
1189 3209 1226 3244 re-

128 3280 230 3337 qneetea
240 3279 386 3322 renouatorea
396 3270 510 3334 deincep·
520 3271 661 3335 reupoudere
672 3286 776 3334 pergam.
808 3271 858 3320 Sed
869 3271 952 3318 horum
963 3285 1049 3328 rnreun,
1064 3279 1176 3336 tanquam
1187 3273 1229 3323 eiii

129 3353 227 3417 quidum
237 3360 383 3402 mouentum
392 3351 450 3410 rint,
468 3351 642 3402 uenationem
649 3351 784 3416 juramento
795 3357 905 3400 aaeertam
915 3349 1064 3415 rioirrimque
1080 3341 1227 3402 mmendem

130 3433 158 3480 iu
168 3435 269 3482 medinm
280 3434 434 3482 adducamus.
468 3431 549 3482 liabeo
559 3447 614 3481 vero
631 3433 703 3482 terme
720 3447 746 3480 re
762 3433 827 3479 hune
843 3431 869 3478 iu
885 3432 999 3480 modum:
1016 3431 1124 3481 Socraten
1140 3431 1228 3497 injurie

132 3513 193 3578 egit.
201 3512 348 3576 juventutem
359 3514 499 3578 depmrnne,
510 3527 539 3562 ee
549 3513 615 3572 deor,
626 3527 686 3577 quor
695 3511 780 3560 civiter
790 3516 868 3576 potet,
886 3509 940 3575 ipre
950 3526 998 3560 nou
1010 3519 1105 3576 puuua,
1119 3515 1162 3563 ned
1180 3515 1229 3564 alia

129 3593 241 3658 quedem
251 3609 313 3643 nore
322 3595 450 3643 demonia.
481 3594 612 3644 Aeenaata'o
622 3593 719 3659 quidem
730 3601 766 3642 ert
784 3592 910 3656 ejunnodi.
925 3591 996 3658 lrnjnr
1007 3601 1086 3644 antem
1096 3596 1227 3647 mentatio·

130 3674 170 3724 eie
185 3675 316 3740 quemlibet
332 3683 423 3741 partem
438 3674 601 3724 dhmdemur.
632 3675 738 3724 Jureoer
753 3675 883 3740 depravere
898 3689 935 3724 me
948 3674 1040 3738 objicit,
1057 3683 1129 3744 atque
1143 3677 1168 3727 in
1181 3679 1228 3730 hoo

129 3755 242 3820 injuriam
260 3757 346 3808 inuere-
377 3755 429 3822 ligo
446 3771 510 3816 vero,
528 3771 544 3804 o
563 3757 606 3805 riri
621 3755 788 3816 Athenionem,
805 3763 888 3806 contre
905 3755 1009 3820 injuriari
1026 3757 1138 3808 Melitam
1153 3759 1208 3809 dieo
1217 3777 1225 3820 ;

128 3844 255 3902 pmpieree
264 3839 328 3903 quod
340 3838 399 3888 rerio
410 3839 481 3896 ludit,
493 3845 540 3886 tem
552 3837 621 3888 ioniie
631 3838 738 3888 hominen
748 3838 773 3888 in
781 3837 898 3903 judicium
911 3839 1180 3902 promunturiumque
1189 3855 1227 3888 ae·

126 3918 166 3966 ri'n
176 3933 203 3966 ae
218 3917 288 3966 rebor
296 3917 440 3977 incombere,
456 3935 583 3984 eurumque
591 3935 666 3968 rerum
682 3920 769 3969 habere
785 3935 873 3976 euram,
891 3934 945 3984 qun
964 3919 1010 3982 ipri
1026 3907 1146 3983 nunqnam
1162 3933 1225 3968 eure

126 3997 233 4048 ineram.
267 3995 321 4045 iloo
331 4005 410 4046 autem
419 3997 455 4046 itn
464 4014 524 4057 eure,
534 4001 639 4048 conabor
648 4007 673 4048 et
682 4001 749 4050 vobin
759 4000 892 4050 orteodere.
924 3997 992 4046 ileon
1003 3997 1097 4053 Melite,
1107 3999 1226 4062 reapondo

126 4078 197 4136 mihi,
209 4075 326 4139 numquid
339 4075 392 4140 ipre
402 4077 501 4127 maxime
515 4093 591 4136 onrea,
609 4087 637 4128 ut
651 4095 722 4145 qoam
739 4081 824 4146 optimi
836 4079 1000 4129 ndoiereentee
1016 4076 1126 4126 erodant.
1158 4079 1224 4127 'Corn

124 4158 248 4224 equidem.
280 4154 336 4220 Age
354 4171 410 4219 ergo
428 4157 464 4204 hir
481 4173 545 4208 nune
560 4159 635 4217 dione,
653 4162 763 4224 quierem
778 4160 879 4224 jureuer
898 4157 1005 4208 meliore·
1022 4155 1118 4206 efficiat.
1133 4165 1227 4208 nomint

128 4238 193 4288 euim
205 4237 266 4286 seire
274 4243 308 4294 ie,
319 4251 373 4286 cum
384 4235 428 4285 tibi
440 4237 464 4284 id
478 4253 542 4286 onrrr
553 4239 592 4288 ait.
624 4239 668 4288 Me
678 4247 741 4289 nerto
751 4249 910 4304 eonnptorenr
921 4253 1011 4294 eornm
1021 4245 1049 4284 nt
1058 4236 1101 4294 nir,
1117 4237 1168 4302 jam
1182 4239 1225 4288 de·

127 4317 284 4384 prede-dieti,
292 4317 408 4368 nnonrani
419 4317 464 4376 hia,
476 4317 501 4366 in
508 4317 629 4382 jndioinur
639 4319 739 4369 merleti.
756 4335 812 4384 ergo
820 4334 873 4384 ege,
883 4327 909 4367 et
918 4335 972 4368 enm
983 4318 1026 4384 qui
1036 4317 1108 4368 efficit
1118 4320 1225 4371 meliorra

127 4401 168 4450 dio
177 4401 224 4457 hie,
235 4407 260 4447 et
270 4399 378 4465 quirnanr
389 4399 420 4448 ait
431 4401 539 4449 oriende.
554 4401 678 4465 quidnam,
692 4417 706 4449 o
723 4401 819 4459 Melite,
830 4400 911 4450 tanea?
943 4399 1059 4458 Videane,
1076 4401 1134 4450 uiirii
1145 4410 1168 4451 te
1181 4405 1223 4454 ira.

129 4482 183 4530 bere
193 4481 259 4546 quod
268 4481 353 4531 dione?
387 4479 462 4547 Atqui
473 4497 554 4531 nonne
566 4489 634 4547 torpo
652 4482 676 4530 id
690 4480 733 4530 tibi
747 4480 839 4530 videtur
852 4497 912 4540 eree,
926 4496 954 4530 ae
969 4481 1085 4532 ruffiniena
1100 4499 1223 4549 argumen-

126 4568 179 4612 tum
188 4563 254 4614 adid
266 4563 330 4630 quod
341 4563 393 4629 ipae
406 4563 470 4623 dico,
489 4571 512 4615 te
522 4565 706 4632 hocnunquam
724 4565 833 4617 curuare?
867 4563 955 4615 Verum
970 4563 1010 4616 dio
1024 4563 1082 4628 jem,
1100 4567 1162 4616 boue
1173 4567 1223 4616 eir:
