3146 5316
345 545 403 606 roe
790 529 991 594 utsuouts
1371 529 1444 610 pao

343 698 385 760 rit,
396 695 461 762 quod
473 711 488 746 e
498 693 576 752 uobis,
584 691 626 757 qui
638 697 728 754 septem
740 701 831 744 murus,
842 701 888 752 ego
898 699 960 736 onus
969 685 1041 734 bomo
1052 681 1107 742 sin,
1117 682 1189 733 unius
1199 679 1331 748 particeps,
1345 683 1448 732 similiter

344 777 403 828 nibil
415 777 506 826 mimm.
523 774 674 840 quemobrem
686 785 740 820 resa
750 777 849 834 numne
859 767 1012 816 affirmantur.
1046 765 1073 814 Si
1087 779 1143 828 ergo
1154 764 1272 830 quisp‘nsu
1283 765 1342 813 tulis
1352 773 1447 814 conetur

344 865 448 908 ununet
458 855 532 906 mults
542 856 626 904 cedem
637 853 805 910 demonstrem,
823 847 915 912 lapides
925 845 1047 902 videlicet,
1065 859 1094 894 se
1109 845 1183 910 ligus,
1203 853 1228 894 et
1238 845 1328 910 relique
1340 845 1449 909 lsujuecs-

344 939 417 994 modi,
433 948 506 984 ouum
521 943 546 984 et
561 934 635 982 mults
650 933 727 997 ipsum
738 929 870 980 mteudisse
881 927 1014 983 iatelsiseur,
1027 939 1077 975 uon
1095 931 1174 974 tamen
1186 939 1259 974 nouus
1270 926 1356 990 multa,
1373 941 1448 991 neque

344 1019 418 1068 snults
429 1031 518 1066 oneror
536 1029 614 1079 neque
632 1011 738 1062 mirebile
751 1010 874 1074 quippism
886 1007 1036 1073 predtessse,
1050 1007 1094 1054 sed
1106 1006 1171 1070 quod
1183 1021 1266 1056 cernes
1276 1006 1448 1056 confiteremur.
1462 1020 1466 1030 ·

344 1097 638 1162 scripturarumque
648 1091 721 1158 paulo
732 1099 788 1139 suto
798 1087 858 1152 disi,
870 1087 969 1152 primum
980 1087 1077 1152 quidese
1089 1087 1182 1151 species
1195 1087 1259 1152 ipsss
1275 1088 1408 1136 mundum
1424 1103 1448 1136 se

344 1179 409 1244 ipset
426 1193 529 1228 smmum
544 1175 709 1238 distingueret,
721 1171 794 1220 reluti
809 1167 996 1226 similitudinem,
1011 1166 1242 1231 dissimilitudinem,
1262 1165 1449 1229 multitudinem,

344 1273 428 1315 rreum,
438 1265 534 1315 statum,
544 1264 643 1313 motum,
654 1261 779 1317 cetersque
789 1247 935 1316 hujusmodi,
954 1247 1043 1298 deiude
1055 1247 1080 1295 iu
1091 1263 1117 1297 se
1129 1248 1187 1312 ipsis
1197 1249 1243 1297 lsts
1253 1247 1403 1298 commisceri
1412 1263 1449 1298 se-

343 1339 456 1405 cernique
464 1353 534 1404 posce
545 1343 673 1397 ιιιοιοιοις
690 1335 879 1397 obstupescerem
890 1329 1011 1395 equidem,
1028 1345 1043 1378 o
1055 1329 1146 1380 Zenon.
1178 1327 1210 1377 Et
1221 1329 1240 1377 si
1252 1343 1290 1392 es,
1309 1344 1365 1394 que
1377 1331 1449 1393 scrip-

344 1419 403 1475 sistl,
415 1427 441 1466 ut
451 1419 526 1466 sirum
536 1416 621 1465 torrem
631 1417 710 1472 decet,
727 1417 868 1478 pertractata
878 1425 929 1460 esse
940 1423 1008 1472 reorr
1024 1407 1101 1458 multo
1116 1417 1196 1458 tamen
1207 1411 1283 1475 megia
1295 1411 1399 1469 mirarer,
1415 1417 1450 1459 st·

343 1513 391 1563 que
402 1500 501 1554 interes,
511 1499 532 1546 si
542 1497 595 1562 quis
607 1504 687 1560 posset
697 1497 759 1544 bsrsc
769 1493 869 1543 eundern
880 1491 1044 1556 questionem,
1054 1490 1081 1540 iu
1092 1487 1150 1555 ipsis
1160 1491 1286 1555 speciebus
1298 1491 1395 1556 penitus
1404 1491 1449 1540 im·

344 1581 458 1644 plicittur,
476 1579 548 1642 [110]
565 1575 763 1642 quemadmodum
773 1575 799 1622 tn
810 1574 887 1630 rebus,
897 1587 952 1638 quse
961 1571 1080 1628 sidentur,
1091 1571 1225 1636 expositum
1235 1579 1282 1636 est,
1291 1571 1326 1622 ita
1337 1579 1363 1620 et
1374 1573 1399 1620 in
1410 1572 1446 1630 iis,

344 1675 399 1724 que
409 1661 499 1708 ratione
508 1657 748 1722 comprehenduntur,
758 1654 843 1704 clarius
853 1653 984 1718 explicare.
1015 1651 1081 1702 Dum
1096 1653 1147 1702 bec
1162 1652 1270 1702 Socrates
1289 1653 1392 1710 diceret,
1404 1653 1450 1701 sie·

345 1741 386 1788 bet
397 1739 557 1804 Pythodoms,
568 1753 594 1786 ιο
606 1743 710 1801 putasse,
722 1733 885 1782 Parmeniden:
903 1741 929 1782 el
942 1733 1061 1782 Ζοοοοοιιι
1072 1732 1097 1782 in
1109 1732 1208 1798 singuiis
1218 1749 1270 1782 esso
1282 1734 1395 1782 sdrcreus
1407 1734 1449 1780 So·

343 1828 431 1870 uatem
450 1821 594 1883 indigoatos.
611 1833 652 1867 ens
663 1825 740 1865 sutem
752 1829 842 1864 summe
857 1815 959 1879 quadam
972 1815 1104 1864 attentione
1115 1815 1269 1872 suscnltssse,
1287 1830 1316 1864 ac
1339 1815 1448 1878 trequen-

344 1909 380 1949 ter
390 1902 489 1950 alterum
499 1899 650 1964 respicientes
665 1898 795 1955 subrisisse,
809 1897 875 1961 quasi
895 1897 1017 1946 Socratem
1031 1895 1182 1944 sdnirsntcs·
1216 1895 1288 1944 Unde
1304 1911 1360 1944 curn
1378 1895 1446 1943 finem

344 1983 452 2030 Socrates
462 1980 574 2046 loquendi
585 1979 690 2036 tumus,
700 1978 788 2027 disisse
799 1977 978 2028 Parmeniden:
996 1975 1019 2025 0
1031 1975 1150 2038 Soemtes,
1160 1991 1231 2040 quem
1242 1972 1329 2040 dignos
1339 1991 1365 2024 es
1375 1975 1451 2024 sdrsi·

343 2061 434 2110 rstioue
446 2069 541 2126 propter
551 2059 665 2126 impetum
675 2075 723 2124 quo
736 2059 766 2107 sd
779 2059 881 2108 rationes
893 2065 1015 2123 proruptus
1026 2059 1134 2106 accedlsl
1151 2071 1231 2106 verum
1250 2055 1308 2105 milri
1319 2057 1449 2118 dioscoro,

344 2151 402 2191 tune
413 2143 455 2200 its,
467 2150 493 2192 et
503 2143 572 2200 dieis,
588 2157 694 2190 seorsum
712 2141 808 2205 quidem
824 2139 889 2204 ipsss
899 2139 992 2204 specics
1001 2137 1145 2202 discrevisti,
1157 2153 1258 2188 seorsum
1269 2139 1342 2186 etiam
1354 2139 1453 2201 specio·

345 2225 389 2272 bos
400 2223 583 2287 participentin:
603 2223 742 2286 videturque
756 2221 800 2268 tibi
811 2219 926 2284 quiddam
939 2235 991 2268 esse
1002 2219 1054 2284 ipss
1069 2233 1173 2268 morsum
1190 2218 1327 2282 similitudo,
1345 2216 1418 2282 cujus
1428 2225 1453 2266 ot

345 2316 389 2351 nos
399 2303 526 2366 perticipcs
536 2317 626 2358 somus,
637 2308 662 2348 et
673 2313 745 2348 unum
762 2313 840 2348 rursus
856 2314 885 2348 ac
897 2299 981 2362 molta,
998 2309 1022 2348 et
1034 2299 1122 2357 omnia,
1133 2315 1281 2364 quecunque
1292 2313 1371 2363 nuper
1382 2314 1397 2347 s
1408 2297 1449 2347 &-

344 2391 409 2430 noste
418 2383 524 2430 eudicti?
556 2381 618 2429 Uilli
630 2381 725 2444 quidem
737 2381 839 2437 ridetur,
859 2381 981 2428 Socrstem
1003 2380 1160 2442 respondisse.
1194 2379 1259 2429 Num
1271 2380 1329 2428 talia
1339 2380 1447 2444 quedam

345 2461 432 2525 inquis,
449 2475 542 2525 rogasse
558 2461 732 2516 Psrrnenidem,
750 2475 794 2508 ceu
808 2459 869 2523 justi
886 2459 990 2522 speciem
1005 2460 1124 2522 quendem
1140 2461 1215 2524 ipsam
1235 2474 1278 2524 per
1288 2475 1315 2508 se
1326 2461 1411 2523 ipsum,
1426 2467 1451 2508 et

346 2540 448 2606 pulchri,
464 2551 489 2589 et
505 2541 569 2595 botri,
589 2549 661 2604 etque
677 2540 782 2588 omniurn
804 2539 909 2603 denique
927 2538 1029 2588 talium?
1062 2540 1169 2591 Prorsus.
1203 2540 1328 2605 Numquid
1347 2541 1449 2605 speciesu

345 2617 447 2670 bominis
457 2635 559 2670 seorsom
571 2636 586 2670 s
597 2621 675 2682 nebia,
691 2625 717 2668 el
732 2619 817 2668 ceteris
832 2618 939 2684 ejusdem
956 2620 1056 2683 generis,
1071 2627 1097 2669 et
1113 2621 1173 2684 ignis
1183 2621 1254 2669 elisur
1266 2627 1292 2669 et
1307 2635 1378 2686 aquus
1397 2637 1450 2686 spe·

344 2704 422 2753 ciem?
455 2705 632 2767 sepenumero,
640 2701 718 2766 iuquit
726 2699 876 2758 coenemus
890 2701 935 2748 bac
946 2715 997 2747 eum
1009 2700 1163 2764 ambiguimus
1174 2709 1290 2758 serulus,
1301 2703 1417 2750 ntrumde
1425 2701 1452 2750 iis

346 2785 454 2847 perinde,
466 2790 493 2831 ut
503 2785 535 2831 de
546 2781 713 2846 superioribus,
725 2781 853 2830 dicendum
864 2781 906 2839 sit,
917 2795 947 2828 sn
959 2795 1034 2830 secus·
1068 2781 1154 2830 Utrum
1166 2781 1196 2830 tle
1206 2781 1234 2829 iis
1245 2782 1318 2830 etism
1329 2783 1454 2840 dubitasti,

347 2879 363 2910 o
372 2863 488 2920 Socrates,
503 2877 557 2926 quas
573 2862 671 2910 ridicula
685 2861 744 2910 sorte
760 2861 814 2925 quis
826 2867 903 2925 potet,
917 2861 979 2910 sicut
990 2861 1021 2910 do
1031 2861 1096 2925 pilis,
1109 2862 1199 2920 lutose,
1216 2873 1242 2911 et
1254 2863 1454 2923 mecludutus

346 2939 522 3004 ignobilissimis
538 2944 606 2990 rebus
622 2949 694 3005 stqne
705 2941 840 2989 vilissimis?
857 2957 912 2988 num
928 2941 1037 3006 subigis,
1056 2939 1131 2990 utrum
1151 2945 1263 3008 ponenda
1274 2944 1306 2991 sit
1317 2945 1455 2994 borumcu·

344 3022 432 3085 jusque
443 3030 550 3086 separata
565 3024 664 3086 species,
679 3023 744 3071 eliud
763 3023 875 3086 quiddam
890 3023 920 3072 nb
937 3023 983 3071 illis
998 3023 1112 3072 exsistens
1124 3023 1160 3072 rei
1172 3037 1262 3082 corum,
1278 3041 1334 3090 que
1345 3037 1391 3074 nos
1403 3041 1454 3090 per·

347 3108 482 3159 munus,
500 3103 549 3152 slre
565 3104 631 3151 noni
664 3100 739 3151 Nullo
756 3111 837 3166 pacto,
852 3101 932 3168 iuquit
948 3103 1072 3152 Socratcsc
1090 3106 1132 3154 sed
1144 3106 1196 3154 bec
1206 3120 1261 3170 que
1272 3106 1392 3166 cidnum,
1403 3108 1452 3154 lsec

346 3190 372 3232 et
382 3197 442 3234 csse.
458 3185 562 3248 specium
575 3199 629 3234 reru
644 3183 762 3250 quendem
779 3183 870 3232 illorum
884 3199 935 3232 esse
956 3193 1046 3248 putare,
1064 3184 1126 3234 ione
1145 3185 1216 3234 nimis
1234 3185 1362 3234 ridiculum
1383 3193 1453 3236 esset.

346 3264 485 3330 Aliquando
498 3281 534 3316 mc
546 3266 601 3314 ollrn
613 3281 642 3314 οι
653 3266 765 3330 cogltstlo
782 3267 934 3330 perturbssit,
952 3279 982 3314 ne
998 3263 1058 3330 quid
1076 3266 1137 3314 iorte
1154 3267 1184 3315 sit
1201 3268 1232 3315 de
1248 3268 1358 3316 omnibus
1370 3269 1452 3316 idem:

347 3355 470 3411 postquem
483 3363 537 3396 sero
548 3346 668 3413 psoiispcr
678 3348 762 3404 institi,
773 3348 830 3396 inde
841 3346 949 3410 discessi,
960 3355 1076 3408 metucns,
1094 3361 1124 3395 tte
1136 3347 1160 3394 in
1171 3348 1311 3412 pmiundsus
1327 3347 1453 3396 deliratio-

347 3443 401 3476 netu
413 3443 500 3478 nsersos
512 3429 571 3477 torte
583 3430 690 3494 perirem.
724 3429 796 3478 Unde
809 3443 912 3478 reversos
922 3429 952 3476 ad
964 3443 1001 3484 ea,
1020 3443 1076 3491 quae
1087 3429 1180 3491 speeies
1190 3430 1275 3477 babere
1292 3427 1457 3492 prediximus,

346 3508 407 3555 circs
419 3508 517 3571 illajsru
529 3525 613 3559 rcrsnr.
645 3510 832 3559 Juronisudlruc
843 3525 877 3567 es,
893 3523 907 3558 c
923 3509 1041 3566 Socrates,
1059 3510 1161 3558 necdum
1181 3499 1205 3558 ie
1222 3509 1375 3574 philosophia
1387 3520 1452 3558 eom·

347 3587 417 3648 plexu
427 3595 477 3635 ost:
495 3589 650 3652 amplectetur
661 3598 749 3647 sulem,
760 3599 787 3638 ut
797 3607 850 3639 mea
861 3591 905 3638 lert
916 3589 1010 3653 opinio,
1021 3591 1117 3653 quondo
1129 3589 1187 3638 nillil
1199 3591 1299 3638 intonsus
1310 3590 1451 3655 neglexeris.

347 3679 410 3714 uunc
421 3681 475 3713 sero
493 3669 522 3714 ed
541 3670 666 3731 opiniones
683 3671 804 3718 lsnrsinuro
816 3672 847 3719 ob
857 3679 951 3720 etatem
963 3670 1068 3734 respicis.
1100 3670 1136 3719 As
1152 3671 1198 3719 iroc
1209 3669 1265 3718 mibi
1277 3669 1355 3720 dices.
1369 3673 1453 3720 riden-

349 3753 417 3795 tnrne
429 3747 480 3804 tibi,
489 3754 515 3795 ut
525 3749 614 3806 aielrss,
625 3750 716 3812 species
727 3753 835 3816 quedam
847 3753 966 3809 exsistere,
977 3761 1002 3799 ct
1012 3767 1051 3814 οι,
1060 3767 1114 3816 φοι
1126 3751 1172 3800 illie
1184 3751 1341 3816 participent,
1359 3753 1453 3804 illarum

347 3835 504 3890 cognomenta
516 3829 609 3876 sortiri?
628 3831 701 3894 [itt]
720 3831 793 3880 soluti
805 3833 961 3881 similitudine
972 3832 1151 3897 perticipantis,
1160 3832 1260 3894 eirssiiia3
1279 3831 1455 3896 magnitudine,

347 3923 448 3973 magna3
466 3910 642 3974 pulchritudino
652 3918 724 3976 utque
731 3911 834 3975 justitia,
845 3913 943 3978 puiclrra
954 3921 979 3961 et
986 3913 1052 3976 justa
1063 3913 1160 3962 soceri?
1193 3913 1226 3962 El
1236 3913 1454 3978 snsxisuequirlesn,

346 3989 424 4054 inquit
434 3992 549 4040 Socrates.
583 3991 671 4041 Nonne
682 3995 841 4058 quodcunque
857 3993 947 4058 speciei
965 3993 1081 4057 particepe
1092 3995 1128 4052 lit,
1152 3994 1189 4042 sel
1204 4001 1277 4042 tutans
1295 3995 1402 4057 speciem
1418 3993 1455 4042 rel

347 4079 436 4132 portuno
457 4072 564 4136 sculpit?
580 4089 611 4121 an
630 4082 667 4122 cst
684 4075 745 4123 alios
764 4083 847 4138 pretor
866 4075 924 4122 istos
948 4075 1106 4138 participandi
1126 4075 1227 4124 modos?
1259 4075 1292 4123 Ut
1303 4075 1359 4140 quis
1376 4076 1456 4123 elius?

346 4151 454 4200 Semeles
464 4153 506 4204 sit.
540 4153 622 4202 Utrum
634 4155 726 4204 uidetur
745 4156 787 4204 tibi
807 4165 857 4204 tots
873 4156 963 4219 specics
978 4155 1004 4203 iu
1024 4170 1166 4220 unoquoque
1186 4156 1314 4204 multorum
1326 4171 1389 4220 esse,
1405 4169 1455 4203 nna

346 4233 475 4282 exsistens?
493 4250 524 4282 sn
535 4235 616 4284 silleri
650 4237 714 4295 Quid
733 4237 851 4300 probibet,
868 4251 919 4284 esce
941 4237 1030 4284 unam?
1064 4237 1144 4285 Unum
1156 4251 1212 4299 ergo
1223 4245 1248 4284 et
1258 4237 1322 4284 idern
1334 4237 1360 4284 ist
1372 4235 1456 4284 multis

347 4325 448 4358 seorsum
461 4315 552 4375 positis,
564 4323 638 4364 totum
652 4317 721 4364 simul
733 4333 805 4366 nuum
818 4317 872 4372 erit,
883 4324 955 4380 utque
966 4317 1000 4364 ita
1011 4317 1087 4381 ipsum
1099 4332 1114 4365 a
1129 4333 1155 4365 se
1167 4317 1219 4380 ipso
1230 4331 1335 4364 seomrn
1347 4317 1457 4365 essistet.

347 4389 513 4456 Neqosqusus,
524 4397 600 4460 inquit
608 4399 723 4446 Socrates.
758 4399 844 4446 Verum
862 4399 925 4446 sicui
944 4397 995 4446 dies
1007 4413 1070 4446 nnus
1079 4399 1184 4462 deniqne
1196 4398 1285 4463 ubique
1295 4397 1366 4446 simui
1378 4397 1457 4452 acient,

346 4483 391 4514 nec
402 4469 451 4532 ipen
462 4480 540 4522 tssneu
551 4491 565 4522 u
576 4491 601 4524 se
612 4477 664 4539 ipso
675 4479 801 4526 secernitur
813 4495 821 4538 ς
838 4480 871 4524 itu
891 4478 924 4524 nii
941 4479 1059 4540 probibet,
1079 4479 1210 4544 quamlibet
1229 4479 1335 4542 speciem
1348 4493 1421 4526 unam
1432 4485 1458 4525 et

347 4544 447 4598 esndesu
459 4551 527 4600 simul
539 4556 619 4603 multis
629 4557 720 4614 edesse.
732 4573 776 4609 uec
788 4566 866 4608 tamen
877 4573 892 4607 s
903 4573 927 4607 se
938 4560 991 4623 ipsa
1001 4561 1099 4616 secerni.
1132 4559 1210 4621 Belle,
1222 4577 1237 4608 o
1249 4559 1370 4619 Socrsles,
1382 4573 1459 4613 unusa
