3174 5322
338 1177 565 1244 melitenum,
582 1173 757 1232 lllELESldS,
772 1170 899 1230 NlCIdS,
917 1168 1362 1233 necnee,rlnrtuus1urecrrr
1379 1171 1417 1222 ΕΤ

692 1284 861 1344 MELFSIAE,
878 1281 1060 1334 sonitem

330 1611 425 1664 Vreorr
443 1605 569 1676 rpentertle
580 1605 648 1655 erm'u
659 1603 820 1662 dimicentem,
831 1621 846 1654 o
861 1603 934 1654 Nicie
944 1609 1017 1667 etque
1028 1600 1128 1652 hohen.
1138 1618 1210 1667 qoem
1226 1621 1281 1654 rem
1292 1607 1324 1656 ob
1336 1622 1429 1658 oeueem

330 1691 511 1758 rpenterebunc
522 1687 644 1736 nobumm
655 1700 757 1749 unnego
768 1694 793 1735 et
807 1685 920 1736 Meleeiee
937 1685 976 1734 bic
989 1699 1029 1732 roe
1044 1683 1167 1748 jomimuo,
1184 1701 1253 1749 cupre
1273 1687 1370 1736 minime
1389 1689 1429 1739 de·

330 1771 479 1834 nlererimue,
489 1784 553 1817 nunc
564 1773 643 1816 entem
653 1767 794 1830 operiemur.
811 1782 866 1816 nem
877 1766 951 1816 libere
962 1764 1084 1814 robieeum
1099 1763 1245 1829 loquendum
1261 1767 1430 1820 existimemur.

331 1853 393 1902 eunt
403 1850 466 1900 enirn
477 1849 594 1912 nonnulli,
611 1847 653 1913 qni
663 1848 714 1896 luno
728 1847 847 1912 derident,
864 1863 892 1897 eo
907 1847 927 1896 ni
942 1846 997 1911 quin
1012 1861 1053 1894 eor
1069 1845 1188 1904 consulet,
1205 1847 1348 1896 cententiem
1365 1865 1430 1898 eumn

329 1949 380 1983 non
390 1931 535 1997 exprimunt:
552 1929 595 1978 ned
606 1928 664 1978 illud
675 1929 707 1978 de
717 1943 765 1992 qno
776 1928 932 1992 consultatur,
949 1934 975 1974 et
985 1925 1142 1976 coueultmtie
1151 1933 1253 1975 mentem
1265 1927 1430 1991 conjiciente,

329 2014 378 2064 elie
388 2020 471 2079 preter
481 2027 510 2062 ee
519 2026 574 2076 qne
592 2006 706 2066 rentiunt,
723 2009 852 2072 prolemnt.
887 2007 947 2057 Cum
965 2014 1044 2056 eutem
1055 2021 1098 2054 roe
1113 2007 1250 2055 arbitremur
1260 2015 1285 2056 et
1295 2009 1327 2056 ed
1339 2009 1430 2059 intelll-

330 2095 434 2160 gendum
449 2093 564 2150 mmoere,
581 2097 606 2140 et
616 2106 670 2156 qun
680 2089 824 2153 cognoscitis
840 2087 978 2152 simpliciter
987 2087 1115 2153 explicere,
1133 2087 1211 2136 eonion
1226 2089 1256 2136 ed
1267 2103 1357 2148 eorum,
1373 2105 1429 2154 qun

329 2175 465 2230 reimerum
474 2171 668 2222 deliberetionem
678 2169 813 2219 nenivimue.
846 2168 891 2216 Eet
898 2177 989 2234 eutem,
999 2168 1031 2216 de
1041 2181 1090 2232 qno
1099 2167 1232 2217 eltiueeum
1243 2184 1347 2227 eeorrue,
1363 2170 1430 2235 ejue·

330 2255 405 2304 modi.
421 2253 496 2320 [179]
512 2251 546 2300 Hi
556 2251 625 2301 nobie
636 2249 678 2298 filii
687 2257 753 2312 eunt,
763 2249 803 2298 hin
812 2249 908 2314 quidem
917 2249 988 2313 lrnjue
998 2247 1072 2305 filice,
1087 2249 1151 2297 evito
1167 2249 1263 2298 nomine
1272 2250 1430 2316 'l'bucpdidce

330 2339 482 2398 nuncupeme
492 2347 501 2382 t
518 2347 584 2380 mene
594 2331 651 2380 item
659 2329 727 2387 ulter,
737 2328 776 2378 eri
786 2328 891 2378 similiter
901 2345 987 2379 nomen
998 2343 1102 2378 terrene.
1118 2344 1174 2378 nem
1183 2327 1313 2378 Arietidem
1322 2333 1430 2380 nomine-

331 2429 392 2464 mur.
425 2412 572 2476 videturque
583 2410 651 2460 nobie
661 2425 732 2476 qoem
743 2408 920 2475 diligentienime
931 2411 1013 2458 borum
1024 2425 1081 2460 eure
1091 2409 1252 2474 concipiendo,
1269 2426 1348 2476 nequo
1358 2427 1431 2477 egee.

331 2495 389 2544 dum
406 2499 526 2558 putemur,
541 2492 607 2557 quod
625 2491 694 2540 multi
712 2492 800 2556 nolunt,
817 2492 859 2557 qui
877 2491 940 2540 lilios
956 2506 1022 2550 enon,
1038 2505 1093 2540 cum
1111 2491 1211 2555 primum
1228 2491 1385 2558 adoleverint,
1400 2495 1431 2542 nd

331 2574 449 2640 proprium
465 2573 548 2622 linunt
566 2573 687 2622 libidinem
697 2573 791 2622 virere:
810 2571 881 2620 immo
893 2588 948 2621 vero
964 2579 1021 2621 tuuc
1038 2572 1144 2620 eludium
1161 2571 1300 2635 diligentior
1316 2573 1430 2622 edbiben-

330 2656 397 2707 dum.
430 2654 492 2705 Cum
501 2655 584 2720 iteqne
593 2655 676 2704 edente
687 2655 755 2704 nobie
769 2653 831 2702 filice
841 2653 973 2710 rideemur,
980 2652 1150 2717 judicabunt,
1158 2667 1201 2702 ror
1212 2667 1260 2716 pre
1270 2653 1355 2703 ceteris
1365 2655 1430 2720 nogi-

331 2742 402 2794 lme,
417 2751 467 2800 qne
475 2737 566 2786 rollone
577 2736 696 2786 educendi
706 2736 764 2794 nint,
781 2741 808 2784 nt
818 2734 903 2799 optimi
921 2734 988 2782 finnt.
1004 2734 1069 2798 quod
1084 2732 1104 2782 ei
1114 2748 1163 2781 nou
1174 2733 1273 2782 multum
1284 2735 1431 2784 enimedrer·

331 2817 402 2882 lintis,
418 2817 444 2864 in
453 2817 579 2880 prneenlie
594 2817 756 2874 edmoneroue,
768 2831 811 2864 roe
827 2815 853 2864 id
864 2814 983 2879 negligere
1000 2829 1049 2863 nou
1067 2815 1165 2878 debere,
1183 2815 1388 2882 exhortemurque,
1405 2824 1433 2866 ut

331 2911 381 2944 nnn
390 2895 513 2946 nobiccum
523 2897 555 2946 dc
565 2896 667 2946 liliorum
677 2896 819 2946 educatione
830 2895 973 2944 deliberatio.
989 2910 1060 2959 quem
1072 2911 1127 2944 vero
1138 2896 1170 2944 ob
1180 2911 1275 2946 onorem
1292 2897 1362 2946 nobie
1380 2898 1431 2948 bne

331 2975 466 3039 videntur,
477 2992 492 3024 o
503 2972 577 3026 llicit
587 2985 659 3041 etque
669 2976 769 3033 lachen,
780 2977 861 3025 eudire
872 2977 951 3036 decet,
962 2976 1070 3041 quemrie
1081 2975 1153 3040 peulo
1164 2975 1289 3040 prolixiore
1300 2977 1358 3038 nint,
1376 2993 1431 3043 qne

331 3063 471 3122 eequumnr.
487 3057 648 3108 direubuimue
658 3058 684 3106 in
695 3056 805 3108 convivio
816 3056 885 3106 timul
897 3072 942 3122 ego
952 3063 977 3108 et
987 3056 1103 3106 Meleeiee
1118 3055 1166 3113 bic,
1183 3065 1255 3121 etque
1271 3058 1296 3106 bi
1307 3059 1431 3110 nobiccum

331 3135 510 3187 edoletceutuli.
543 3137 578 3188 Ut
589 3139 693 3204 igitnrin
706 3137 823 3204 principio
834 3138 947 3187 nermouie
964 3137 1105 3201 rigulfioeri,
1122 3137 1194 3187 libere
1204 3138 1325 3188 robiecnm
1341 3142 1432 3190 euden-

329 3225 412 3284 terqne
422 3218 554 3283 loquemur.
569 3234 627 3270 nene
645 3225 744 3284 uterque
759 3225 865 3268 morbum
877 3218 951 3268 multe
962 3225 1041 3282 potem
1052 3219 1126 3282 petrin
1143 3219 1179 3267 rui
1194 3217 1306 3282 protelem
1324 3220 1432 3270 iocinore

329 3305 380 3350 turn
390 3315 460 3365 poce,
471 3309 521 3350 tum
532 3300 595 3350 bello
605 3300 661 3350 filiii
673 3315 790 3364 enomere,
800 3299 921 3365 petrirqne
932 3307 999 3363 geete
1015 3314 1072 3363 erge
1081 3299 1250 3363 rempublicam
1261 3301 1381 3366 eoeioeque
1391 3303 1432 3350 iu-

320 3379 405 3445 'rlgmin
414 3397 552 3432 recentem:
570 3383 664 3432 nnobir
675 3397 729 3432 rero
740 3397 776 3432 ree
794 3387 872 3446 gerim
888 3381 974 3430 relerre
990 3379 1068 3428 noller
1083 3395 1215 3443 poenumue.
1248 3381 1328 3439 Quere
1343 3389 1369 3430 et
1384 3383 1432 3432 ho·

328 3475 381 3510 rom
390 3476 435 3511 nor
445 3463 522 3527 pudet
531 3479 607 3528 oeque
625 3465 774 3521 demurmue,
792 3471 817 3511 et
835 3470 927 3528 petmm
946 3461 1114 3526 negligentium
1132 3477 1198 3526 nepe
1213 3462 1347 3526 culpemur,
1363 3465 1431 3529 quod

329 3555 383 3598 noe,
391 3549 516 3605 pnetqnem
525 3543 682 3608 odolerimnr,
693 3545 717 3592 in
728 3544 828 3593 mollitie
838 3544 942 3608 quedem
950 3551 976 3591 ct
985 3542 1073 3592 delitiis
1084 3542 1161 3592 virere
1171 3542 1336 3608 permiserunt,
1346 3558 1432 3610 reoque

328 3621 427 3670 eliorum
437 3633 537 3685 gemere.
571 3623 908 3690 Fademqueedolercenlibue
919 3626 956 3674 hir
968 3623 1130 3686 oetendentee,
1140 3624 1263 3681 edicimus,
1283 3625 1304 3672 ei
1321 3640 1347 3674 re
1365 3627 1431 3689 ipone

329 3700 484 3766 neglexerint,
499 3709 624 3767 noelrrque
641 3713 761 3769 precepto
777 3706 953 3763 contemserint,
979 3704 1096 3770 ignobilee
1113 3720 1155 3754 ece
1172 3705 1276 3754 luturoer
1293 3707 1330 3754 ein
1350 3716 1431 3756 entem

328 3781 470 3845 nurererint,
487 3782 549 3832 lorte
566 3783 652 3848 digeror
668 3784 737 3833 nritir
754 3785 890 3834 nominibne
908 3801 1027 3835 eremmon
1043 3784 1091 3850 ipri
1110 3801 1166 3835 vero
1185 3785 1301 3850 perituros
1316 3803 1343 3835 ee
1360 3788 1431 3838 nobie

326 3865 480 3928 reepondenl.
512 3863 590 3912 Nobie
598 3872 678 3913 entem
688 3865 719 3915 de
730 3866 776 3914 boc
786 3865 889 3916 invicem
907 3866 1105 3926 nonnullentibur,
1121 3882 1169 3932 que
1185 3867 1314 3933 dieoipline
1323 3868 1360 3917 rel
1371 3884 1431 3918 con·

327 3945 453 3995 eoetndine
464 3945 611 4010 potieeimnm
622 3945 708 4012 optimi
718 3946 769 3996 fieri
778 3955 887 4012 poenum,
898 3949 1010 4012 erporuit
1019 3947 1147 4014 quiepiem,
1166 3963 1244 4012 opere
1255 3949 1356 4013 pretinm
1368 3965 1430 4009 eene,

325 4033 354 4074 nt
363 4025 433 4074 ermie
442 4025 555 4076 dimitere
565 4027 717 4092 perdiecent:
735 4027 889 4093 leuderilque
899 4029 983 4088 ictum,
1002 4045 1073 4095 qoem
1085 4045 1126 4078 ror
1138 4031 1209 4078 modo
1220 4037 1348 4080 nectentem
1360 4045 1430 4094 epec-

327 4106 403 4167 tnrtie,
414 4114 441 4155 et
450 4107 557 4158 contueri
565 4107 646 4172 junit.
681 4108 805 4175 Optimum
815 4110 897 4174 iteque
913 4111 962 4160 lore
974 4111 1117 4177 puterimur,
1130 4118 1156 4158 ut
1166 4119 1192 4160 et
1200 4126 1244 4160 noe
1254 4113 1285 4159 nd
1297 4113 1344 4160 boo
1359 4127 1430 4176 epec-

326 4186 431 4236 tecnlum
441 4189 582 4248 reniremur,
600 4199 626 4240 et
636 4207 678 4240 voe
688 4207 738 4242 une
755 4207 948 4251 convooeremue,
965 4201 1015 4242 tum
1026 4194 1058 4242 nd
1069 4193 1235 4258 epeetnndum,
1250 4199 1300 4241 tum
1310 4192 1392 4251 etiem,
1409 4194 1431 4242 ei

327 4265 408 4324 vultis,
425 4265 498 4333 [180]
515 4271 547 4318 de
556 4272 735 4322 edoleeoentum
745 4275 888 4326 edocefiooc
898 4275 1019 4326 communi
1029 4275 1130 4324 cornilio
1148 4273 1336 4324 deliberendum.
1368 4273 1432 4323 linc

327 4353 391 4402 ¹⁰²2·
402 4361 456 4410 qum
466 4350 586 4400 robieenm
597 4354 703 4404 conterre
720 4357 883 4420 nopiebemue.
917 4356 1004 4406 Vertre
1019 4372 1083 4406 nunc
1101 4357 1208 4419 interest,
1226 4363 1275 4404 tem
1291 4355 1323 4404 de
1339 4356 1385 4404 lmo
1395 4371 1432 4414 re,

326 4433 404 4474 utrum
415 4425 529 4478 dircende
539 4431 665 4500 eitnecne,
681 4436 814 4496 contulere,
831 4453 902 4502 qoem
912 4438 944 4486 de
954 4436 1014 4495 tlile,
1032 4437 1052 4487 ti
1069 4453 1141 4502 quem
1157 4436 1308 4502 dirciplinem
1325 4436 1362 4484 rel
1378 4443 1430 4488 elu-

325 4507 392 4556 mon
411 4507 568 4562 odolricum
584 4511 654 4565 leude
670 4517 769 4580 dignum
787 4519 916 4570 invenitis:
934 4525 958 4569 et
975 4518 1035 4584 quid
1052 4517 1115 4592 circe
1135 4516 1326 4570 communionem
1345 4515 1431 4570 turturi
