3146 5316
149 525 219 606 ιιι]
561 521 845 590 renuerimus,
1188 529 1246 592 ιοι

145 683 211 732 idem
221 681 289 732 simul
301 680 324 728 in
335 675 414 728 uoltis
425 677 540 735 ostendis,
551 691 580 727 sc
590 678 610 727 si
619 693 691 742 super
700 679 786 727 multos
802 679 911 728 ιιιιιιιιι
921 679 1041 744 quoddam
1052 683 1192 742 scandens,
1208 683 1248 734 di·

145 779 188 812 oss
198 777 271 812 unum
288 761 314 810 in
330 761 410 810 uultis
429 766 505 808 totum
517 773 578 808 esse.
589 773 668 808 noune
686 759 733 808 tsle
749 759 865 823 quidesse
885 760 964 810 diuisi
980 761 1096 811 Fcrsitsn.
1131 764 1171 810 stu
1188 777 1245 827 ergo

146 851 223 892 totum
233 843 339 892 selsmen
350 839 458 906 singulis,
476 839 515 890 sul
527 853 580 903 pers
596 839 649 902 ejus
659 839 706 887 slis
715 838 785 888 ultori
800 839 894 890 ederis?
910 841 977 890 Psrs.
1011 841 1152 892 Dirisibilss
1166 843 1246 907 igitur,

143 923 253 988 inquiou
262 922 379 979 Somtss,
389 921 481 984 speeies
492 925 572 982 erunt,
589 927 615 968 et
629 933 683 984 qun
693 917 740 967 illis
751 919 903 986 psru'slpsnt,
918 929 1008 986 psrtern
1018 923 1123 987 ospism,
1139 937 1185 972 uec
1194 939 1246 974 sm·

143 1003 242 1066 ptiusin
258 1001 365 1068 quolibet
375 1009 437 1060 tots,
455 1001 498 1050 ssd
515 1015 569 1064 pen
587 999 704 1064 cujusque
721 1015 795 1050 nouus
813 1001 866 1052 erit.
898 1001 939 1052 dio
956 1011 1064 1067 sppsrst.
1097 1003 1211 1062 Volesus,
1229 1021 1245 1052 ο

141 1081 258 1142 Βοιιιιει,
269 1099 340 1132 unsrn
358 1081 462 1147 speciem
477 1095 557 1130 revers
567 1080 643 1129 dividi
654 1095 683 1130 sc
692 1079 763 1130 etisru
775 1097 846 1130 unum
857 1083 928 1132 csse?
960 1081 1035 1131 Nullo
1046 1083 1127 1132 ruodo.
1158 1083 1245 1134 Consi·

142 1163 199 1212 ders
208 1163 300 1229 ireque,
312 1164 332 1212 si
342 1163 418 1227 ipssm
429 1161 615 1226 magnitudinem
627 1161 745 1225 psrtiuris,
762 1170 788 1212 et
798 1163 983 1228 unumquodque
995 1163 1096 1227 plurium
1107 1178 1244 1228 nusguorum

142 1249 209 1308 purte
219 1243 389 1310 mgnitndinls
400 1244 500 1306 minure,
517 1257 590 1307 qussn
606 1241 659 1306 ipss
676 1241 716 1305 sit,
731 1257 842 1307 mugilum
852 1244 907 1300 erit,
923 1259 1003 1292 noune
1023 1244 1104 1308 procul
1120 1259 1135 1292 s
1153 1245 1245 1294 rsticne

143 1325 280 1375 ridebitur?
313 1325 421 1378 Prorsus.
452 1324 519 1384 Quid
540 1323 614 1372 roro?
637 1323 711 1387 ipsius
731 1323 831 1387 uqnslis
851 1331 919 1388 psrte
942 1325 1126 1389 unumquodque
1147 1339 1243 1388 psrsum

142 1407 297 1472 porticipsns,
313 1407 479 1471 habebitque
491 1405 580 1454 minure
590 1404 727 1464 exsistente,
737 1419 809 1470 qusm
820 1405 898 1470 ipsum
915 1405 1016 1470 equulo,
1035 1405 1070 1461 id,
1089 1406 1154 1468 quod
1165 1405 1246 1463 iubet,

141 1487 234 1551 seqnsle
245 1488 317 1538 slicui
325 1488 371 1536 sit?
405 1485 565 1552 Impossibile.
597 1486 679 1534 Sedet
690 1486 775 1550 uliquis
785 1493 890 1535 nostrum
903 1486 978 1551 ipsius
988 1485 1053 1552 persi
1065 1493 1155 1550 purtem
1172 1487 1245 1536 hube-

141 1568 187 1632 bu,
196 1583 246 1633 qus
256 1569 336 1633 ipsum
350 1581 447 1632 porrum
459 1566 536 1631 msjns
545 1573 591 1624 est,
605 1567 696 1632 quippe
711 1583 766 1616 oum
782 1583 811 1616 cs
828 1581 882 1632 psrs
898 1567 973 1632 ipsius
994 1566 1107 1615 ossistst:
1125 1573 1197 1630 sique
1211 1565 1246 1614 its

138 1648 220 1714 ipssrn
231 1663 330 1714 pereum
341 1647 418 1712 nujus
427 1649 472 1698 erit
482 1665 489 1708 ;
507 1648 531 1696 id
542 1655 631 1709 sutem,
639 1647 679 1696 oui
690 1648 769 1696 sbluts
779 1661 833 1712 pers
843 1647 965 1712 srtjioitur,
975 1648 1054 1696 mium
1064 1647 1118 1712 erit,
1132 1655 1158 1696 st
1167 1647 1243 1696 nihilo

138 1730 229 1793 msjus,
247 1745 319 1794 quern
333 1738 403 1777 untes
419 1729 497 1778 luerit.
539 1728 607 1776 Istud
627 1729 707 1792 iuquit
726 1728 777 1778 lieri
792 1743 841 1776 nou
858 1743 935 1792 posse.
969 1729 1025 1786 Quo
1041 1729 1202 1794 igitnrrnodo,
1226 1743 1242 1777 c

138 1809 261 1866 Scontes,
281 1809 324 1866 sir,
342 1815 421 1857 cetero
431 1807 555 1872 speciebus
566 1807 750 1872 puticipsbunt‚
768 1823 823 1856 cum
833 1823 879 1857 nec
890 1810 1019 1858 secundum
1031 1817 1101 1872 tolus,
1118 1825 1196 1874 nequo
1208 1825 1245 1858 se·

137 1889 247 1938 cundum
259 1897 337 1952 pestes
345 1903 431 1953 cepere
441 1889 547 1954 queunt?
581 1889 627 1936 Per
637 1888 731 1946 Juveus,
741 1903 790 1936 nou
802 1889 854 1937 lose
864 1889 977 1953 quiddsur
989 1892 1034 1939 troc
1044 1891 1075 1938 ssi
1085 1891 1245 1938 determinen-

140 1971 201 2018 duuu
220 1969 322 2018 videtur.
356 1969 395 2016 Ad
414 1969 473 2016 illud
491 1975 570 2016 cutem
587 1968 646 2032 quid
667 1969 720 2018 sis?
753 1969 893 2028 Quidnam?
927 1969 1001 2030 Reor,
1021 1977 1045 2018 te
1063 1985 1092 2018 es
1107 1971 1154 2018 lino
1170 1983 1242 2019 unsre

140 2049 273 2114 quemlibet
291 2049 395 2114 speciem
412 2049 486 2113 [182]
505 2063 603 2112 ponere,
620 2063 674 2098 cum
693 2049 760 2113 plurs
780 2051 889 2114 quodam
906 2065 992 2114 meges
1010 2050 1052 2098 tibi
1063 2049 1180 2107 sidentur,
1197 2065 1245 2098 uus

140 2131 250 2196 quedem
261 2129 339 2179 iorssn
350 2131 405 2178 ides
415 2130 459 2178 tibi
469 2130 564 2178 videtur
582 2145 623 2194 pcr
642 2131 721 2179 omniu
732 2132 876 2196 respicienti,
888 2133 951 2180 undo
962 2131 1040 2196 ipsum
1052 2145 1124 2178 unum
1135 2145 1245 2194 rurgrrum

140 2227 193 2260 esse
210 2219 287 2276 putus.
321 2211 384 2260 Vere
400 2212 469 2261 diois.
502 2211 578 2274 Quid,
591 2212 611 2260 si
627 2212 705 2275 ipsum
724 2227 845 2276 susguum,
864 2220 936 2276 utque
946 2212 1002 2270 slis,
1021 2225 1075 2276 qun
1086 2225 1172 2274 mogus
1181 2217 1247 2266 sunt,

140 2295 222 2342 snimo
233 2295 317 2342 eodem
325 2293 399 2352 ruodo
411 2307 452 2358 per
463 2293 543 2342 omnis
552 2293 672 2357 respicies,
681 2307 761 2342 nonne
773 2307 846 2340 uuum
857 2292 971 2356 quiddsrs
983 2307 1094 2356 meguum
1104 2293 1189 2341 iterum
1200 2305 1243 2355 sp·

141 2375 244 2438 perebit,
261 2388 309 2438 quo
324 2375 375 2422 bec
392 2374 471 2422 omnis
488 2389 574 2438 msgns
585 2373 660 2422 rideri
674 2385 770 2421 necesse
786 2373 840 2421 ost?
872 2372 990 2436 Apposui,
1022 2371 1116 2422 idcirco
1133 2371 1179 2420 slis
1192 2371 1243 2436 jsrn

140 2453 315 2518 magnitudinis
326 2453 426 2517 specics,
446 2461 531 2516 preter
545 2454 620 2517 ipsum
638 2453 832 2517 magnitudinem,
851 2460 876 2501 et
895 2451 1245 2517 psrticipsntismsgnitudine,

140 2533 229 2582 iteruin
240 2533 363 2584 elucebit:
381 2541 406 2582 et
414 2535 441 2582 in
453 2534 481 2581 iis
492 2533 599 2581 omuibus
610 2533 658 2582 slis
671 2547 756 2589 mnus,
768 2549 816 2596 qus
832 2534 940 2582 universe
956 2535 1004 2582 sint
1020 2549 1120 2598 mogus:
1138 2549 1183 2584 nec
1194 2549 1244 2582 sm·

139 2616 207 2678 plius
218 2627 369 2678 uusquequo
380 2615 473 2678 speeies
484 2627 532 2662 uus
542 2613 594 2676 erit,
605 2615 646 2662 sed
658 2627 755 2662 numero
767 2614 846 2677 potius
857 2614 963 2662 infinitus.
997 2613 1032 2661 At
1042 2614 1148 2671 lordtsn,
1167 2614 1246 2678 iuquit

139 2697 260 2758 Sourtes,
271 2695 385 2758 qrsmlibel
393 2696 475 2742 iarum
489 2695 620 2757 specierum
631 2695 699 2743 notio
709 2696 818 2760 quodum
830 2703 875 2758 ess,
884 2709 929 2744 uso
940 2695 997 2744 stibi
1007 2709 1067 2756 esse,
1077 2709 1146 2759 quum
1157 2695 1183 2743 in
1193 2696 1244 2743 sni·

140 2775 194 2832 usis,
206 2781 294 2838 potest.
312 2775 346 2823 sic
357 2773 421 2823 enirn
433 2787 582 2839 uusquequo
594 2789 641 2823 uns
651 2775 702 2833 edi,
713 2789 758 2824 sec
769 2775 908 2840 contingent
919 2775 1025 2833 ulterius,
1036 2776 1245 2840 quedicebsutur.

140 2856 209 2914 Quid
220 2856 294 2919 ergo?
311 2855 390 2918 inquit
400 2872 407 2902 ι
423 2853 536 2918 quelibet
548 2856 613 2902 notio
624 2869 671 2903 uns
682 2857 737 2904 esti
754 2856 821 2904 notio
829 2863 918 2919 suum,
935 2857 1023 2906 nullius
1034 2858 1118 2906 notio?
1152 2855 1188 2906 Αι
1198 2857 1244 2906 boo

138 2936 294 3001 impossibile·
326 2935 373 2984 Sed
384 2935 522 2998 cujusdem?
557 2935 686 2998 anusdum
703 2951 770 2986 ssns.
802 2937 954 3001 Essbtentis‚
971 2937 1009 2986 vel
1025 2953 1074 2986 nou
1091 2937 1243 2987 exsistentis?

142 3015 296 3066 Euisrsntis.
328 3015 394 3065 lium
403 3017 471 3065 unius
482 3015 615 3080 cujusdem,
625 3017 689 3080 quod
699 3017 819 3066 notionem
831 3018 928 3067 illumin
938 3019 1047 3068 omnibus
1057 3029 1194 3085 sequentem
1206 3021 1243 3068 in·

141 3099 251 3163 telligere
261 3098 328 3161 licet,
339 3097 418 3146 idesm
428 3097 516 3145 uuum?
534 3095 638 3144 Pronus.
672 3097 798 3156 Praetereo,
809 3113 888 3148 nonne
898 3101 989 3164 species
1005 3101 1058 3162 erit,
1075 3103 1120 3151 hoc
1130 3103 1195 3166 quod
1207 3101 1246 3150 iu·

140 3181 254 3245 telligltnr
271 3193 346 3228 unum
357 3185 416 3237 osio,
426 3191 517 3242 semper
527 3177 553 3226 iu
564 3179 672 3227 omuibus
684 3179 766 3228 idem?
801 3179 966 3230 Necessarium
977 3184 1023 3232 buc
1034 3197 1130 3246 quoque
1141 3183 1243 3232 ridetur.

141 3263 207 3322 Quid
220 3263 292 3311 sero?
309 3261 386 3326 iuquit
405 3257 566 3318 Psrmsuides,
584 3274 615 3308 sn
626 3273 675 3308 nun
686 3275 840 3318 necessust,
859 3277 913 3311 curn
925 3271 1004 3310 cetere
1014 3261 1137 3324 speciebus
1147 3261 1244 3324 pertici·

141 3352 211 3410 peut,
227 3337 405 3392 erectionibus
421 3341 608 3404 unumquodque
624 3347 741 3398 censium,
757 3349 782 3389 et
798 3341 929 3404 intelligere
945 3341 1055 3404 singule?
1072 3340 1109 3388 vel
1127 3355 1181 3388 cum
1197 3340 1245 3388 sint

140 3427 261 3482 notiones,
280 3424 339 3472 nihil
357 3431 436 3471 tumen
453 3421 603 3485 intelligere?
635 3421 683 3470 Sed
696 3435 772 3486 neque
782 3421 818 3478 id,
837 3421 924 3485 iuquit,
942 3421 1056 3469 retinuero
1067 3421 1146 3468 hebet.
1163 3433 1243 3470 serum

142 3519 217 3572 quum
234 3505 330 3554 msxlme
348 3505 381 3552 sic
393 3484 439 3552 ists
449 3501 508 3550 nsllri
518 3517 544 3550 se
554 3503 640 3550 bebere
651 3503 770 3561 sidentur,
780 3503 822 3550 lrss
830 3501 929 3566 quidsur
939 3501 1031 3566 species
1042 3509 1153 3567 tunquam
1164 3517 1243 3550 exeun

141 3586 220 3652 pluris
231 3585 255 3634 iu
266 3591 349 3634 ssturs
359 3583 505 3644 consistere3
522 3591 600 3632 cetere
612 3597 668 3632 reru
686 3583 715 3631 iis
731 3581 816 3632 unitis
826 3585 885 3642 lieri,
903 3593 975 3649 etque
986 3600 1038 3633 esse
1048 3584 1179 3640 simulscrs,
1200 3599 1245 3634 neo

139 3669 210 3718 ulitur
220 3668 264 3715 ius
274 3667 400 3731 speciebus
412 3665 564 3728 porticipsre,
582 3679 653 3728 quum
669 3665 734 3729 quod
751 3665 798 3714 illis
814 3665 898 3714 similis
914 3667 983 3715 fiunt.
1016 3666 1041 3715 si
1052 3667 1110 3732 quid
1123 3667 1201 3730 igitur,
1218 3671 1245 3716 ut

139 3749 183 3806 sis,
203 3749 291 3812 speciei
306 3745 383 3796 simile
401 3754 446 3802 est,
464 3761 520 3794 nuru
538 3746 651 3810 possibile
669 3756 715 3809 cst,
733 3747 836 3811 speciem
854 3749 929 3813 ipsam
950 3763 1000 3797 uon
1010 3764 1061 3798 esre
1071 3747 1171 3797 similem
1182 3748 1244 3812 ejus,

140 3831 206 3896 qnod
220 3830 264 3895 ipsi
276 3829 353 3878 simile
364 3829 453 3876 lecturo
472 3836 518 3890 est,
533 3835 649 3893 quatenus
663 3829 708 3894 ipsi
725 3829 814 3878 iscium
829 3839 867 3878 est
882 3829 978 3878 siruilel
996 3843 1027 3878 su
1044 3829 1142 3893 cogitosi
1158 3835 1246 3891 potest,

140 3912 218 3960 s'snils
234 3925 284 3958 nors
302 3923 354 3958 esse
371 3907 441 3957 siusili
461 3909 556 3958 simile?
589 3909 647 3958 Nun
664 3919 736 3960 certe
769 3911 851 3960 Simile
869 3919 949 3960 sutem
968 3911 1128 3958 nenncunius
1139 3907 1244 3970 ejusdem
1275 3937 1280 3944 ·

142 3988 234 4058 speciei
246 3989 379 4037 uecessuriu
391 3989 507 4053 pesticsps
518 3997 563 4054 est,
580 3991 650 4054 cujus
666 3999 691 4040 ct
709 3992 780 4056 illuri,
799 3994 837 4042 oui
849 3993 925 4042 simile
936 3992 984 4039 sit?
1018 3989 1123 4038 Necesse
1133 3995 1178 4036 est.
1211 3987 1246 4037 Λι

139 4089 188 4138 quo
205 4069 294 4120 similis
314 4067 481 4131 participositis
501 4069 584 4118 similis
603 4072 672 4128 fiunt,
690 4087 769 4120 nonne
787 4071 846 4120 illud
860 4073 913 4135 ipss
932 4069 1024 4134 specius
1038 4068 1099 4116 erit?
1133 4068 1246 4118 Omnino.

139 4151 197 4202 lion
207 4153 281 4217 igitur
293 4155 374 4214 potest
384 4147 513 4211 quidquem
525 4149 614 4212 speciei
625 4151 700 4200 similo
710 4167 770 4210 esse,
781 4167 826 4200 neo
846 4149 938 4215 specius
958 4149 1033 4197 elteri.
1050 4163 1104 4196 nuru
1116 4155 1199 4211 prutes
1209 4147 1247 4211 ip·

139 4251 190 4282 suun
202 4233 317 4298 speciem,
329 4229 423 4294 species
433 4229 480 4276 sliu
491 4243 583 4294 semper
593 4240 720 4296 emergeret
730 4251 735 4280 :
753 4235 817 4296 quod
830 4233 900 4281 siillu
911 4231 1021 4296 cuiquem
1034 4229 1107 4294 [lus]
1119 4229 1149 4276 sit
1159 4228 1248 4287 similis,

141 4313 188 4362 slis
199 4329 293 4363 rursusi
310 4329 356 4362 uec
368 4325 471 4378 unqnsrn
482 4325 617 4376 progressus
627 4311 671 4359 iste
682 4313 783 4360 oeusbit
794 4329 801 4361 ι
819 4313 878 4376 quiin
890 4325 952 4359 uuus
962 4311 1053 4375 species
1063 4325 1156 4375 scrupus
1165 4325 1247 4360 occur·

143 4395 217 4457 ιιι,ιί
230 4395 322 4460 species
334 4394 486 4459 porticipsnti
500 4392 582 4442 similis
594 4393 634 4443 sit.
668 4389 797 4441 Verissims
813 4393 925 4458 loqueris.
958 4391 1081 4458 Nonergn
1089 4393 1247 4458 persimilitu.

142 4475 223 4524 tieem
235 4485 314 4526 cetere
329 4476 454 4541 speciebus
464 4475 616 4540 participent,
637 4475 678 4524 scd
690 4473 751 4523 elius
761 4473 858 4538 quidem
871 4483 983 4541 proteres
999 4477 1138 4540 quarendus
1148 4483 1184 4523 est
1194 4489 1247 4539 per·

145 4557 262 4622 tioiseudi
279 4559 371 4608 modus.
404 4557 521 4624 sppuu.
557 4553 815 4624 omnimodorum,
833 4565 921 4624 qusuts
939 4557 1043 4624 sequitur
1061 4557 1210 4624 ambiguitas,
1227 4557 1247 4604 si
