3194 5312
329 548 392 610 210
777 526 977 592 emronrs
1359 523 1435 606 [roo

329 697 468 754 multitudo.
501 697 544 748 So.
560 694 618 748 Non
629 705 685 756 ergo
696 687 750 755 tege
760 687 820 745 sola,
836 693 861 736 et
880 681 971 748 turpius
988 685 1025 730 eat
1041 679 1118 730 lacere
1128 677 1245 744 injuriam
1258 693 1330 746 quarn
1342 679 1406 745 pati,
1418 687 1446 730 et

328 784 420 850 jnstnm
431 789 468 830 eat
478 777 613 844 equitatem
625 787 732 833 κτητοὶ
748 769 790 820 aed
806 765 878 818 etiam
894 765 948 830 lpas
966 767 1059 814 natura.
1092 761 1246 826 Quapropter
1257 761 1345 812 rideris
1362 760 1387 810 in
1398 775 1445 810 an·

333 862 464 930 perioribua
475 875 523 910 non
534 873 589 909 vers
599 853 697 912 dixism
705 867 766 902 nere
777 853 890 898 merente
906 843 1063 902 neustriam,
1074 841 1157 892 dicens
1169 842 1286 892 contraria
1297 857 1349 892 ease
1360 841 1440 904 legem

333 951 406 1008 atque
417 949 539 992 naturam:
557 953 642 1003 meque
659 936 712 984 hmo
730 929 956 981 animadvertentem
975 923 1050 974 solere
1069 924 1095 972 in
1106 923 1183 972 verbis
1202 922 1320 980 insidiari,
1332 931 1405 984 atque
1424 919 1446 970 ai

336 1024 389 1090 quis
399 1022 528 1072 secundum
540 1025 646 1068 naturam
667 1015 786 1077 loquatur,
796 1010 827 1059 ad
845 1009 939 1072 legem,
955 1005 1040 1072 siquis
1051 1020 1106 1054 vero
1118 1004 1246 1054 secundum
1260 1004 1345 1066 legem,
1356 1003 1386 1050 ad
1398 1017 1444 1050 na·

337 1112 413 1152 turam
422 1104 549 1152 deducere.
584 1097 651 1148 Cet.
667 1092 763 1142 llicvir
780 1104 900 1156 nunquam
920 1085 1019 1136 desistet
1034 1085 1059 1134 in
1077 1084 1253 1148 nugisreraari.
1286 1083 1444 1140 Dioruilri,o
1469 1108 1474 1130 t

337 1185 455 1244 Socrates,
464 1197 544 1230 nonne
555 1187 579 1227 le
591 1178 674 1243 pudet,
686 1190 739 1223 curn
751 1181 800 1222 tem
811 1168 904 1235 grandia
916 1175 973 1215 natu
984 1167 1024 1224 sia,
1035 1165 1116 1215 venari
1127 1165 1241 1214 nomina:
1259 1175 1331 1230 atque
1352 1165 1371 1212 ai
1388 1164 1444 1228 quia

337 1265 409 1314 aerbo
421 1262 524 1318 excidat,
536 1269 647 1322 tanquam
660 1256 684 1304 id
696 1253 738 1302 tibi
750 1253 815 1302 lucro
826 1251 914 1305 veniat,
929 1248 1035 1314 impense
1046 1246 1160 1312 captare?
1194 1245 1268 1294 Putas
1280 1260 1317 1294 me
1327 1244 1392 1294 aliud
1404 1245 1443 1294 di·

334 1359 388 1394 cere
408 1341 552 1406 potentiores
570 1353 621 1388 eaae
636 1351 708 1404 quam
726 1333 851 1383 meliorest
870 1346 949 1380 nonne
968 1329 1059 1378 dudum
1079 1327 1122 1376 tibi
1142 1326 1206 1384 dico,
1217 1327 1280 1376 idern
1295 1341 1348 1374 ease
1359 1325 1444 1376 melina

334 1432 406 1488 atque
419 1420 557 1486 potentius?
591 1417 630 1466 An
642 1423 712 1481 putas
731 1430 770 1464 me
785 1412 874 1470 dicere,
885 1411 906 1459 al
923 1410 968 1458 lrer
979 1424 1098 1458 aerrorom
1109 1407 1278 1471 hominumque
1291 1407 1397 1471 undique
1408 1406 1444 1454 ai·

337 1504 477 1553 liasimornru
489 1500 595 1548 inunum
608 1496 721 1552 confluat,
739 1496 806 1552 istos,
818 1500 974 1559 preterquam
993 1490 1092 1538 terune
1109 1487 1214 1554 corporis
1225 1488 1321 1544 viribus,
1331 1503 1383 1536 ease
1399 1503 1444 1552 po·

336 1584 450 1634 lentiores
460 1599 468 1632 r
487 1589 512 1631 et
522 1596 576 1645 qum
586 1579 628 1628 isti
639 1582 752 1632 statuant,
764 1591 816 1624 esse
823 1572 894 1638 jura?
928 1573 971 1620 So.
989 1570 1108 1636 Agedum.
1120 1568 1315 1634 oaapientiraime
1323 1567 1444 1626 Callicles,

337 1661 494 1713 itanodicisl
528 1659 593 1710 Car..
610 1658 643 1707 Et
654 1658 754 1706 manime
773 1655 880 1720 quidem.
913 1653 956 1704 So.
971 1651 1006 1699 At
1024 1667 1079 1716 ego,
1088 1650 1159 1699 beate
1169 1651 1212 1706 vir,
1225 1650 1368 1715 jamdudum
1386 1663 1445 1698 onn-

333 1745 412 1811 jecto,
422 1743 469 1802 tale
479 1742 570 1806 aliquid
583 1749 606 1790 te
616 1738 737 1804 potentius
747 1736 868 1801 appellare
878 1752 884 1785 :
903 1743 976 1798 atque
983 1732 1111 1800 interrogo,
1119 1731 1219 1796 cupiens
1229 1731 1287 1795 quid
1294 1731 1353 1780 velis
1361 1737 1443 1794 aperta

338 1839 493 1892 cognoscere.
509 1838 559 1870 non
577 1819 640 1869 enirn
659 1827 685 1867 tu
703 1819 764 1866 duna
783 1815 889 1865 meliores
903 1814 998 1881 judicas
1010 1829 1062 1864 esse
1079 1829 1149 1879 quarn
1161 1813 1252 1860 nuum?
1269 1827 1347 1874 neque
1364 1825 1442 1860 servm

342 1918 395 1956 tuor
408 1916 432 1954 te
445 1903 562 1960 meliores,
573 1899 630 1965 quia
639 1899 752 1948 videlicet
763 1897 905 1946 robustiores
916 1896 982 1945 sint?
1017 1894 1105 1944 Verum
1117 1910 1194 1944 rursus
1203 1908 1219 1941 a
1234 1892 1352 1958 principio
1369 1891 1444 1948 dicar,

339 2003 400 2052 quoa
410 1985 505 2034 tandem
517 1981 552 2032 nia
563 1982 670 2031 meliores
681 1997 742 2038 esse,
752 1979 849 2044 quando
860 1995 909 2028 non
921 1977 1060 2026 validiores:
1077 1984 1103 2024 et
1113 1975 1177 2032 ride,
1195 1989 1284 2040 precor,
1302 1990 1318 2020 o
1329 1973 1364 2022 vir
1381 1971 1444 2020 miri·

338 2067 433 2124 licent
452 2064 530 2113 mitius
550 2077 588 2112 rue
607 2063 704 2118 doceas,
716 2075 746 2108 ne
763 2076 779 2108 a
796 2058 884 2108 scholia
896 2059 943 2107 tuis
954 2056 1083 2121 aufugiam.
1118 2056 1182 2106 Cat..
1200 2054 1280 2104 ironia
1298 2053 1410 2118 loqueris,
1427 2067 1443 2101 o

338 2147 455 2197 Socrates.
489 2145 533 2194 So.
551 2141 608 2191 Non
625 2157 666 2206 per
684 2141 819 2197 Zethum,o
838 2138 959 2195 Callicles,
971 2153 1018 2203 quo
1036 2145 1063 2185 tu
1079 2137 1161 2192 lretua,
1173 2135 1246 2184 multa
1264 2150 1320 2184 nsua
1331 2135 1442 2183 adversos

339 2223 586 2280 rnenuncesironia.
620 2221 709 2271 Verum
721 2221 761 2270 dio
772 2237 825 2285 age,
836 2235 951 2284 quoanorn
963 2219 1071 2268 meliores
1085 2216 1211 2283 appellas?
1243 2216 1308 2266 Car..
1325 2216 1445 2265 Praestan·

339 2307 411 2356 tiores
421 2305 542 2370 equidem.
575 2303 617 2352 So.
634 2303 710 2352 Vides
721 2317 786 2366 ergo,
799 2313 822 2350 te
833 2301 930 2350 nomina
940 2301 1063 2349 dumtaxat
1073 2299 1162 2364 dicere,
1171 2298 1295 2348 ostendere
1306 2313 1362 2346 aero
1375 2297 1443 2346 oilril.

338 2387 398 2436 Nou
417 2387 504 2450 aperis,
515 2385 622 2434 meliores
640 2383 832 2449 potentioresque
852 2390 928 2430 utrum
949 2381 1121 2446 prudentiores,
1133 2395 1164 2428 arr
1181 2378 1240 2429 alios
1258 2379 1373 2444 quosdam
1391 2393 1443 2428 etas

339 2467 425 2518 dicos?
459 2466 525 2518 Car..
543 2465 589 2514 Per
605 2465 692 2516 Jovom
711 2465 755 2512 hos
769 2464 834 2528 dico,
852 2471 878 2513 et
894 2461 993 2510 monime
1009 2462 1114 2525 quidem.
1147 2461 1190 2510 So.
1207 2460 1277 2524 Seps
1295 2458 1368 2524 igitur
1382 2474 1442 2508 unua

339 2547 445 2612 prudens
463 2545 624 2612 complurimis
642 2544 831 2608 imprudentibus
849 2542 923 2608 [490]
941 2542 1071 2591 secundum
1092 2557 1222 2590 sermonem
1240 2549 1305 2590 tuum
1324 2542 1444 2606 potentior

339 2635 394 2678 cate
411 2633 483 2692 atque
495 2627 558 2676 hunc
570 2641 612 2690 par
628 2632 665 2676 est
682 2624 809 2682 dominari,
824 2631 915 2674 ceteros
927 2639 981 2672 vero
998 2623 1103 2681 subesse,
1119 2617 1219 2686 pluiqne
1233 2623 1318 2672 hebere
1336 2638 1391 2672 eum
1408 2621 1442 2670 lria

340 2709 427 2774 quibus
437 2708 546 2772 imperat.
564 2708 610 2756 lroc
619 2707 682 2756 enirn
696 2706 775 2754 dicere
791 2704 848 2754 milri
858 2704 919 2754 rollo
930 2705 1032 2752 rideris:
1050 2719 1128 2768 neque
1139 2704 1209 2750 rerba
1219 2717 1341 2768 aucupor:
1359 2702 1442 2768 aiqui-

340 2791 395 2840 dem
407 2805 468 2838 unua
479 2789 511 2836 sit
521 2787 601 2836 mullis
612 2785 741 2852 potentior.
774 2786 841 2837 Car..
859 2784 891 2834 At
902 2785 953 2834 lraec
970 2784 1023 2848 ipsu
1042 2792 1098 2832 aunt
1114 2800 1168 2849 que
1186 2783 1250 2833 dieo.
1267 2784 1313 2834 hoc
1323 2784 1385 2832 enirn
1395 2799 1441 2848 ego

339 2869 439 2919 arbitror
445 2868 487 2931 jus
497 2883 547 2916 ease
559 2874 651 2924 nature,
662 2883 716 2916 euro
728 2866 849 2923 videlicet,
859 2865 901 2930 qui
911 2864 994 2914 melior
1005 2865 1191 2930 prudentiorque
1203 2864 1242 2921 ait,
1250 2864 1363 2930 imperare
1371 2872 1442 2928 atqna

339 2949 396 3013 plna
405 2947 555 2998 interioribus
567 2946 697 3010 possidere.
729 2947 772 2996 So.
789 2946 851 3012 Siste
869 2961 1003 3012 parumper.
1020 2945 1079 3010 quid
1098 2945 1193 2994 tandem
1211 2943 1344 3009 promenti
1360 2945 1405 2993 hoc
1417 2943 1441 2994 in

340 3025 404 3086 loco,
421 3036 448 3076 ut
468 3043 540 3085 nunc,
558 3027 697 3090 congregati
716 3043 820 3076 essemus
838 3027 916 3085 multi,
935 3027 1060 3091 lorentque
1078 3028 1146 3076 nobis
1165 3027 1299 3078 communia
1322 3026 1445 3076 esculenta

341 3117 367 3160 et
383 3110 512 3175 poculenta
529 3108 700 3172 complurima:
718 3125 762 3158 noa
777 3125 832 3158 vero
852 3108 928 3158 omnia
945 3125 1049 3159 essemus
1066 3109 1165 3174 generis,
1184 3110 1269 3174 partim
1287 3108 1385 3172 quidem
1403 3121 1444 3154 ra·

341 3191 394 3247 lidi,
411 3189 496 3254 partim
516 3205 572 3240 rero
593 3188 740 3240 imbecilles:
767 3205 827 3239 nnus
852 3199 932 3240 autem
947 3197 1052 3239 nostrum
1072 3189 1176 3238 omnium
1193 3190 1255 3240 circo
1271 3189 1322 3236 hec
1339 3187 1445 3250 prodeo·

338 3271 453 3330 tissimus,
473 3271 572 3320 fortune
592 3271 715 3320 medicus:
733 3287 761 3320 ao
780 3271 842 3320 foret
860 3273 908 3328 hic,
920 3278 946 3319 ut
964 3280 1150 3321 consentaneum
1167 3270 1272 3332 eat,aliia
1290 3268 1386 3332 quidem
1405 3283 1445 3316 ro·

341 3352 440 3408 bustim,
452 3351 505 3401 aliis
516 3367 571 3402 vero
590 3352 706 3403 debilior:
724 3367 804 3402 nonne
823 3353 862 3402 lric
882 3353 1029 3417 prudentior,
1047 3361 1159 3418 preterea
1176 3351 1262 3407 melior,
1276 3355 1390 3414 quantum
1410 3348 1443 3396 ad

340 3433 393 3483 hoc
411 3432 523 3496 pertinet,
545 3440 571 3482 et
588 3433 709 3498 potentior
727 3433 786 3481 erit?
820 3433 886 3482 Cer..
903 3432 1017 3484 Omnino.
1049 3433 1092 3484 So.
1110 3433 1194 3482 Utrum
1210 3447 1264 3480 vero
1281 3431 1363 3478 lrornnr
1375 3443 1445 3478 escra-

340 3511 456 3562 lentorum
469 3521 595 3582 propterea
607 3513 660 3576 plna
671 3514 756 3562 habere
768 3514 841 3564 debet
850 3529 922 3579 quam
933 3531 986 3573 noa,
996 3514 1054 3579 quio
1064 3513 1095 3562 ait
1106 3515 1206 3563 melior?
1222 3530 1252 3563 an
1265 3512 1382 3578 potiusob
1392 3509 1443 3574 ejua

340 3591 500 3658 prroatnntimu
512 3593 592 3642 omnia
603 3593 743 3642 distribuere
760 3595 847 3656 debet,
865 3611 942 3660 neque
960 3595 986 3644 in
998 3595 1161 3644 distribuendo
1174 3611 1216 3660 pro
1226 3611 1250 3644 se
1262 3593 1313 3658 plus
1325 3593 1441 3642 tellum:

340 3671 447 3735 alioquin
461 3672 610 3720 mulctandus
621 3675 666 3721 rit:
683 3674 726 3722 aed
737 3675 791 3724 aliia
801 3675 864 3740 plns,
875 3676 928 3726 aliis
946 3677 1023 3726 minus
1042 3677 1146 3726 babere?
1163 3691 1191 3724 ac
1202 3675 1222 3723 si
1233 3675 1337 3724 omnium
1348 3672 1444 3720 debilia-

340 3752 413 3802 almus
430 3752 469 3810 ait,
480 3753 601 3802 minimum
613 3755 658 3803 sibi
668 3756 775 3820 quamvis
791 3756 882 3821 optimo
893 3758 1045 3808 tribuendum
1056 3766 1101 3815 eat,
1112 3773 1127 3806 o
1139 3756 1267 3807 Calliclea?
1284 3770 1364 3802 nonne
1376 3754 1443 3808 lta.o

341 3833 404 3882 bone
415 3831 459 3890 vir,
468 3841 504 3881 est
512 3833 657 3884 dicendum?
692 3835 757 3886 Cat..
773 3837 813 3887 De
824 3838 952 3888 esculentis
962 3847 988 3887 et
999 3839 1132 3903 poculentis
1142 3845 1167 3888 et
1177 3835 1275 3886 medicis
1293 3843 1367 3898 atque
1382 3833 1444 3898 ejus-

340 3913 407 3962 ntodi
418 3913 487 3979 uugia
495 3915 563 3964 rerba
575 3914 651 3965 lacis:
668 3933 714 3982 eqo
724 3932 781 3968 vero
791 3934 840 3967 non
851 3920 883 3968 de
893 3919 930 3968 lria
941 3920 1032 3984 loquor.
1065 3919 1111 3967 So.
1128 3917 1211 3968 Utrum
1226 3917 1298 3982 igitur
1309 3914 1445 3980 prudentio-

343 4005 390 4040 rem
402 4008 453 4042 ease
462 3994 760 4054 melioremdlcis,neenel
778 4000 903 4064 responde.
938 3999 1003 4048 Can.
1019 3981 1146 4063 Equidem.
1179 3998 1222 4048 So.
1240 3997 1274 4046 At
1284 4011 1332 4044 non
1344 3999 1445 4058 oportet,

342 4080 369 4122 ut
376 4073 458 4124 melior
466 4075 520 4139 plus
529 4076 648 4142 accipiat?
670 4077 737 4129 Car..
752 4078 810 4128 Non
821 4079 852 4128 de
862 4079 922 4130 cibis
931 4089 1003 4145 atque
1010 4081 1156 4144 potionibus.
1189 4079 1232 4128 So.
1249 4077 1370 4140 intelligo.
1386 4074 1446 4124 torte

340 4153 403 4204 enirn
416 4156 447 4204 de
457 4157 578 4224 reatibus:
594 4165 666 4223 etque
677 4167 774 4225 oportet
784 4175 848 4220 eum,
858 4161 902 4227 qni
912 4162 943 4210 sit
953 4162 979 4212 in
996 4161 1151 4212 conficiendis
1167 4161 1272 4210 aestibus
1284 4157 1445 4222 peritissimus,

341 4250 450 4300 magnam
462 4237 547 4286 habere
560 4239 676 4304 tunicam,
687 4255 715 4290 ao
730 4241 812 4292 multia
823 4241 980 4310 pretiosisque
990 4251 1098 4294 ornatum
1108 4243 1218 4292 incedere
1229 4239 1345 4290 reatibus.
1378 4236 1445 4286 Cat..

341 4314 408 4372 Ques
420 4324 445 4366 tu
458 4325 533 4368 restes
545 4319 604 4368 milri
615 4337 693 4372 narres
705 4323 714 4372 l
747 4323 791 4374 So.
807 4322 843 4374 Ar
853 4323 951 4374 forsitan
960 4324 986 4374 io
997 4323 1085 4376 calceis
1095 4330 1190 4388 oportet
1200 4337 1254 4370 eum
1265 4320 1320 4386 plus
1329 4317 1445 4380 accipere,

340 4395 423 4458 quiin
443 4398 477 4446 eia
496 4400 635 4464 prudentior
651 4402 682 4452 ait
700 4411 725 4453 et
742 4404 839 4454 melior:
857 4421 885 4456 ac
896 4406 995 4454 forritnn
1012 4407 1065 4470 ipse
1076 4405 1186 4456 coriarius
1197 4403 1311 4451 tueritne·
1321 4399 1447 4462 plumaque

340 4473 426 4524 lubere
438 4479 511 4530 debet
526 4481 627 4542 calceos,
639 4484 772 4550 multosque
791 4485 839 4552 auis
857 4487 959 4552 pedibus
976 4487 1133 4537 circumferre.
1166 4483 1231 4534 Cer..
1249 4481 1288 4530 De
1299 4481 1386 4546 quibus
1396 4477 1448 4526 eal·

338 4555 387 4604 reis
398 4571 463 4608 nuno
482 4561 584 4612 deliras?
615 4563 660 4617 So.
678 4564 752 4624 Quod
769 4565 789 4616 ai
806 4581 855 4622 non
876 4567 942 4628 talia,
953 4569 1035 4620 aaltean
1055 4565 1174 4633 ejusmodi
1193 4562 1303 4628 qrrredarn
1321 4559 1390 4618 dicia,
1401 4573 1446 4606 ceu
