3150 5316
112 511 185 592 eeu]
540 511 789 576 convrvrun.
1153 529 1213 587 sue

113 681 136 721 te
147 671 172 720 in
185 671 274 742 primis,
285 687 299 721 o
311 673 428 726 Socrates,
447 671 593 736 obsecrante,
611 682 637 720 ut
656 674 721 731 milri,
738 687 786 722 non
804 675 856 734 tibi,
874 677 949 726 honor
960 681 1114 731 exhiberetur.
1147 685 1211 733 lllurl

110 769 207 818 quoque
217 754 314 817 dignum
326 761 362 803 eet
373 759 510 811 memoratu,
520 754 718 817 quemadmodum
730 757 787 821 luga
799 765 928 807 nostrorum
940 762 1004 824 apud
1023 761 1096 827 [221]
1114 763 1211 813 Delium

111 835 174 884 laeta
193 851 219 884 se
236 835 344 884 Socratm
361 833 440 900 gessit.
458 849 513 883 uam
531 833 628 896 interlui
647 849 743 912 quoque
762 838 818 886 huic
837 839 928 902 proelio,
946 841 1085 905 etquidem
1106 857 1212 908 eaeque

112 931 230 980 pugnans,
242 931 295 966 cum
314 917 421 966 Suctstm
441 915 492 980 ipse
510 916 664 978 pedesetset.
698 915 832 982 Profligatis
853 919 925 984 igitur
943 921 1027 970 nostris
1046 937 1074 971 ne
1092 923 1147 988 luga
1161 923 1212 987 jum

111 997 215 1044 omnium
227 997 299 1054 lecta,
310 997 416 1046 Socrates
427 1011 475 1044 unx
493 1003 519 1044 et
528 995 620 1045 Laches
637 997 723 1060 pedem
740 997 880 1050 referebant.
898 1010 969 1065 atque
985 1017 1039 1066 ego,
1056 1019 1110 1052 cum
1127 1005 1151 1052 in
1168 1005 1212 1054 boa

110 1091 167 1124 casu
180 1075 324 1133 incidissem,
335 1077 398 1125 bono
409 1075 487 1126 auimo
497 1075 627 1140 esaejussi,
638 1093 724 1142 meque
735 1093 855 1144 uunquam
866 1081 1011 1130 deserturum
1023 1099 1063 1132 eos
1075 1083 1133 1134 dixi.
1165 1085 1212 1135 llic

111 1155 184 1220 igitur
194 1173 224 1206 eu
236 1157 319 1207 melius
337 1158 443 1222 aspicere
454 1158 522 1222 potui
533 1158 652 1207 Socrstem
670 1173 740 1222 quam
751 1161 816 1224 spud
834 1159 976 1220 Potideam,
990 1177 1039 1226 quo
1049 1165 1100 1228 ipse
1111 1165 1213 1215 conlisus

110 1251 174 1303 equo
186 1238 263 1287 minus
282 1239 444 1290 formidabam.
477 1237 581 1288 Primum
593 1239 667 1302 igitur
677 1239 764 1288 intueri
780 1240 875 1306 licebut,
893 1247 982 1304 quanta
993 1243 1103 1292 cautione
1114 1258 1142 1294 ac
1153 1261 1213 1308 prse-

111 1317 174 1366 seuti
184 1319 263 1366 animo
275 1317 378 1367 Luchem
389 1326 525 1382 superaret:
538 1319 625 1368 deiude
638 1319 696 1368 mihi
707 1319 770 1368 visus
781 1327 827 1378 est,
839 1336 853 1368 o
867 1318 1118 1385 Aristophanes,quod
1128 1332 1152 1371 et
1162 1325 1213 1388 ipse

111 1397 154 1454 ais,
166 1399 199 1445 ibi
211 1413 259 1446 uon
271 1399 340 1448 aliter
349 1413 418 1463 quam
430 1399 470 1450 bic
477 1398 586 1449 incedere
596 1401 718 1465 superbus,
726 1407 751 1449 et
759 1400 834 1450 oculis
842 1401 922 1466 quiete
930 1401 1008 1450 omnia
1017 1403 1214 1462 circumlustrans,

110 1487 229 1543 cauteque
240 1481 375 1528 examinans
386 1478 487 1543 singule.
506 1482 584 1529 hostes
601 1481 718 1545 siquidem
733 1481 843 1546 civesque
859 1482 961 1532 vicissim
980 1482 1128 1548 respiciebat,
1139 1485 1213 1533 oculis

109 1568 134 1608 et
142 1567 240 1623 aspectu
251 1560 375 1624 preferens
384 1562 559 1625 ostendensque
567 1562 605 1610 sel
614 1562 785 1625 remotioribus,
795 1564 813 1610 sl
825 1563 942 1628 quiscum
953 1563 1060 1622 insudat,
1071 1579 1118 1613 nen
1130 1579 1181 1612 esse
1190 1563 1214 1612 id

110 1641 211 1702 impune
223 1639 347 1690 iscturum.
372 1641 458 1708 Itsqus
469 1649 518 1692 tute
530 1643 611 1691 abibat
621 1649 646 1691 et
656 1643 708 1707 ipse
719 1649 743 1692 et
754 1644 820 1693 alter.
837 1644 909 1693 ierme
920 1645 984 1693 euim
995 1645 1036 1710 qui
1047 1646 1080 1693 its
1090 1645 1214 1702 incedunt,

111 1735 184 1768 nemo
203 1735 246 1769 eos
264 1721 364 1778 invadit,
385 1723 427 1771 sed
446 1737 496 1781 eos,
515 1723 556 1787 qui
574 1723 649 1772 effusa
664 1724 721 1788 iuge
739 1724 885 1776 deteruntur.
918 1724 948 1773 In
965 1724 1045 1774 multis
1055 1725 1151 1789 quidem
1162 1724 1215 1773 aliis

112 1800 212 1848 mirilioe
223 1800 312 1848 laudari
329 1803 436 1852 Socrates
454 1809 542 1867 potest,
560 1805 605 1868 aed
619 1804 674 1852 talia
691 1811 756 1868 sunt,
773 1812 800 1852 ut
818 1805 890 1854 ceteri
906 1821 1001 1870 quoque
1018 1806 1094 1854 lorsan
1105 1805 1214 1853 nonnulli

114 1881 216 1928 eundem
228 1879 323 1930 laudem
334 1891 482 1932 mereantur:
500 1899 580 1934 verum
599 1883 640 1933 illa
650 1885 770 1949 precipua
787 1884 811 1933 in
823 1885 877 1948 isto,
894 1900 936 1949 per
946 1901 999 1950 ques
1015 1884 1103 1934 nemini
1115 1884 1214 1933 aliomut
1293 1917 1295 1924 ·

113 1962 246 2024 hominum,
264 1977 341 2026 neque
353 1964 502 2026 antiquomm
525 1979 602 2028 neque
619 1979 742 2020 notorum,
761 1979 813 2012 esse
829 1965 910 2012 similis
926 1963 1047 2028 reperitur.
1065 1979 1118 2012 nam
1137 1965 1215 2028 quslis

114 2041 221 2092 Achilles
226 2042 281 2106 tuit,
286 2043 355 2092 talem
365 2042 484 2106 conjectet
491 2042 570 2092 lorsan
578 2042 741 2107 aliquisiuisse
746 2042 868 2092 Brasidam
875 2044 1082 2108 etaliosquosdsm
1093 2063 1099 2091 ι
1109 2042 1214 2106 etqualis

114 2119 228 2179 Peticles,
239 2121 298 2172 tales
309 2121 455 2172 Antenorem
468 2131 541 2187 atque
555 2123 689 2172 Nestorem.
706 2131 761 2170 sunt
771 2122 922 2188 aliiquoque,
934 2123 974 2188 qui
982 2124 1027 2173 lroc
1034 2124 1106 2172 modo
1114 2123 1215 2172 coulerrl

112 2203 213 2253 invicem
225 2211 331 2269 possunt.
347 2203 388 2252 aed
400 2205 476 2268 qualis
496 2203 605 2253 Socrates
624 2211 660 2252 est
670 2203 794 2268 qualisque
812 2203 864 2268 ejus
883 2203 940 2252 mire
956 2204 1051 2254 dicendi
1063 2204 1131 2260 retio,
1142 2219 1212 2252 nemo

113 2301 190 2349 prope
201 2285 232 2333 ad
243 2285 294 2349 ejus
305 2285 482 2333 similitudinem
500 2284 603 2342 aceedit,
616 2300 695 2349 neque
706 2293 810 2333 vetemm
827 2299 904 2348 neque
915 2301 1004 2341 eorum,
1015 2286 1055 2350 qui
1066 2289 1129 2332 nun'c
1141 2289 1212 2331 suuts

112 2365 158 2412 ulsi
179 2373 207 2413 ut
224 2381 269 2429 ego
288 2381 351 2414 nunc
371 2367 418 2413 dixi
439 2374 510 2429 utque
531 2364 666 2413 assimilati.
688 2365 780 2429 quippe
798 2364 857 2413 uulll
876 2365 1005 2422 hominum,
1024 2365 1066 2412 scd
1085 2363 1171 2412 Silenis
1189 2368 1215 2410 et

110 2447 203 2511 Satyris
213 2445 355 2510 similiaipse
372 2452 409 2493 eat
424 2445 523 2509 ejusque
539 2460 665 2494 sermones.
699 2443 765 2492 Nam
781 2451 807 2493 et
823 2445 870 2493 hoc
885 2460 901 2493 a
919 2461 956 2494 me
967 2443 1145 2509 pretermissum
1163 2449 1213 2492 erat

111 2527 185 2592 prius,
203 2541 319 2576 semones
339 2526 390 2589 ejus
410 2525 539 2590 persimiles
559 2539 611 2573 esse
629 2525 771 2588 imaginibus
791 2523 923 2574 Silenomm
941 2526 972 2573 ab
989 2525 1116 2574 artificibus
1133 2525 1211 2581 iactis,

110 2607 202 2656 deinde
213 2608 306 2670 apertis.
339 2606 364 2654 st
383 2607 436 2670 quis
452 2604 514 2653 enim
535 2605 605 2669 hujus
621 2619 739 2654 sermones
762 2605 851 2663 audiat,
868 2606 977 2654 ridentur
993 2605 1077 2668 prima,
1094 2611 1120 2652 ut
1130 2604 1211 2661 iertur,

107 2687 173 2735 lacie
184 2685 280 2734 nimium
291 2701 342 2734 esse
353 2687 455 2734 absurdi.
467 2686 563 2734 uomina
579 2688 669 2751 quippe
686 2693 712 2734 et
730 2687 800 2734 verba
811 2686 920 2736 exteriori
932 2693 1030 2750 aspectu
1041 2685 1119 2750 Satyri
1129 2685 1211 2749 cujus·

109 2769 166 2816 darn
178 2765 343 2815 contumeliosi
353 2766 459 2815 habitum
470 2783 519 2832 pres
530 2781 555 2815 se
571 2767 657 2816 lerunt.
666 2766 751 2815 'asines
762 2765 825 2815 euim
843 2767 967 2830 labroaque
981 2767 1072 2815 cerarios
1084 2774 1109 2815 et
1119 2773 1209 2814 autores

109 2848 244 2898 celceomm
255 2847 410 2912 curiosiusque
428 2863 520 2912 semper
537 2848 608 2896 hebet
618 2846 645 2894 in
664 2861 714 2904 ore,
729 2847 860 2910 eademque
877 2861 968 2911 semper
984 2846 1062 2896 dicere
1079 2846 1109 2894 de
1120 2847 1209 2895 eisdem

110 2931 214 2985 videtur,
226 2935 253 2975 ut
263 2943 344 2977 omnes
355 2929 411 2986 lere,
422 2929 463 2993 qui
474 2930 552 2977 minus
564 2928 653 2990 experti
665 2927 762 2992 peritiae
774 2927 832 2991 sint,
843 2929 912 2976 verbe
923 2927 986 2977 illius
997 2927 1117 2979 irrideant.
1134 2926 1210 2993 [m]

111 3009 201 3058 Verum
213 3010 231 3056 si
242 3009 305 3057 intus
316 3009 415 3074 nspieiat
424 3010 478 3073 quia
488 3009 540 3073 ejus
550 3024 676 3067 sermones,
688 3009 762 3072 primo
773 3009 870 3071 quidem
882 3009 983 3072 reperiet
993 3023 1101 3057 manum
1113 3007 1209 3072 prolun-

112 3091 211 3138 ditstem
228 3091 313 3138 habere
332 3091 394 3139 solos
412 3091 511 3139 aliorum
529 3093 642 3149 omnium,
661 3098 686 3139 et
702 3090 798 3153 iusuper
813 3087 971 3138 divinissimos
987 3103 1047 3151 esse,
1058 3103 1086 3137 ac
1097 3088 1209 3152 plurimes

108 3171 220 3218 virtutum
231 3171 413 3235 speciosissimus
429 3171 543 3234 imagines
554 3172 683 3225 continere,
694 3177 765 3232 etque
779 3169 809 3216 ad
824 3168 924 3232 plurima
934 3183 985 3215 sese
994 3169 1129 3228 extendere,
1136 3166 1209 3213 immo

111 3251 193 3299 omnis
212 3259 332 3315 precepta
347 3251 553 3315 comprehendere,
570 3252 656 3315 quibus
672 3249 754 3296 instrui
770 3248 842 3296 debet
861 3247 890 3306 is,
901 3247 942 3310 qui
953 3246 984 3293 sit
994 3247 1091 3294 honeste
1102 3245 1210 3307 beneque

112 3333 225 3382 victurus.
259 3331 319 3382 Haec
330 3340 393 3390 sunt,
403 3347 418 3379 ο
429 3331 473 3380 uiri
484 3330 599 3388 connire,
609 3330 634 3377 iu
651 3329 736 3394 quibus
747 3328 866 3376 Socratem
878 3326 949 3375 laudo
960 3343 965 3372 ι
983 3340 1012 3373 ac
1022 3325 1102 3381 etiam,
1114 3324 1144 3371 de
1156 3323 1219 3387 qui·.

114 3414 156 3461 bus
170 3427 307 3478 conqueror.
323 3412 420 3462 audistis
431 3411 494 3460 enim
505 3410 606 3469 iuterim,
617 3425 676 3474 quas
687 3409 744 3457 mihi
755 3407 852 3473 iujurias
862 3405 949 3455 intulit.
982 3403 1036 3454 Nec
1051 3405 1161 3452 adversus
1171 3417 1209 3449 me

113 3493 190 3542 solum
202 3492 235 3540 ita
245 3508 270 3541 se
281 3492 367 3556 gessit:
386 3507 465 3541 retum
477 3491 547 3542 etiam
558 3491 668 3540 adversus
686 3489 845 3544 Charmidem,
855 3487 930 3535 filium
941 3484 1080 3540 Glaucouis,
1091 3491 1117 3533 et
1127 3483 1210 3532 sdser·

113 3589 151 3621 sus
170 3572 347 3638 Euthydemum
366 3573 452 3622 Diocle
468 3581 559 3628 uatum,
577 3570 683 3635 aliosque
699 3568 830 3635 permultos
850 3568 933 3617 eadem
951 3565 1017 3622 lecit,
1029 3579 1088 3629 quos
1099 3563 1150 3628 ipse
1166 3565 1210 3612 sub

112 3653 193 3720 specie
204 3655 312 3704 amatoria
323 3654 415 3704 ielellit.
431 3669 485 3702 nam
496 3669 539 3718 pso
550 3661 652 3701 amatore
668 3658 759 3700 ametur
778 3649 859 3700 exasit.
895 3647 1053 3706 Quamobrem
1071 3653 1094 3694 te
1105 3659 1209 3710 quoque,

114 3737 237 3801 Agathou,
248 3737 374 3794 admoneo,
385 3745 413 3784 ut
423 3735 494 3800 hujus
504 3733 664 3784 simulationes
672 3732 916 3796 dissimulationesque
924 3743 1015 3785 careas,
1027 3735 1051 3776 et
1062 3744 1090 3776 ex
1101 3726 1146 3782 lais,
1157 3739 1210 3788 ques

112 3833 157 3882 ego
168 3832 219 3864 aum
232 3833 321 3881 pessus,
337 3819 400 3866 hunc
418 3831 562 3880 cognosceus
580 3831 628 3863 rem
645 3824 709 3863 tuam
726 3829 811 3874 cures;
826 3825 903 3877 neque
920 3810 1050 3860 secundum
1062 3805 1209 3872 proverbium

113 3906 168 3962 post
186 3913 288 3961 poenam,
303 3897 428 3946 inientiunx
448 3898 527 3955 inetur,
545 3897 634 3946 delicta
653 3898 747 3945 tandem
766 3909 887 3958 agnosces.
920 3891 1042 3939 Hactenus
1063 3886 1209 3942 Alcibiades,

114 3977 184 4042 cujus
194 3977 293 4026 surlacis
304 3985 328 4026 et
335 3977 448 4042 loquendi
457 3979 551 4026 libertas
558 3979 628 4024 risum
638 3977 746 4024 omnibus
755 3972 891 4030 concitauit,
900 3971 1011 4036 quonium
1022 3970 1084 4017 risus
1091 3975 1127 4016 est
1133 3979 1212 4013 amore

113 4056 217 4106 Socratis
229 4071 279 4105 ease
292 4064 385 4120 ceptus.
416 4059 459 4109 So.
475 4058 571 4106 Sobrius
588 4057 645 4105 milri
661 4057 756 4114 videsis,
769 4072 783 4104 o
796 4053 948 4104 Alcibiades:
967 4050 1072 4113 alioquin
1091 4060 1211 4112 nunquam

114 4139 149 4187 its
168 4134 302 4193 artificiose,
319 4135 389 4200 longo
405 4138 526 4185 verborum
544 4136 642 4186 circuitu
662 4137 736 4193 lecto,
750 4136 858 4186 occulere
869 4134 894 4181 id
905 4131 1043 4186 studuisses,
1055 4127 1122 4191 cujus
1139 4125 1212 4190 gretia

114 4225 194 4266 cetera
204 4215 284 4263 omnia
294 4215 402 4264 dixeras:
420 4218 483 4280 quod
503 4217 526 4263 in
545 4216 659 4265 orationis
677 4216 751 4276 calce,
763 4223 790 4263 ut
800 4221 883 4278 prester
902 4209 1048 4278 propositum
1065 4207 1166 4271 prolerre
1177 4205 1214 4253 ri-

114 4298 210 4360 deseris,
224 4296 319 4345 tandem
340 4296 480 4360 apposuisti,
491 4297 557 4360 quusi
574 4312 622 4344 nun
639 4295 719 4345 omnia
736 4295 820 4344 iccirco
840 4293 934 4350 dixeris,
951 4299 978 4340 ut
990 4305 1027 4338 me
1043 4290 1073 4337 ab
1085 4286 1213 4351 Agathone

118 4376 272 4440 disjungeret.
290 4375 412 4432 arbitreris,
431 4391 468 4423 me
487 4375 602 4424 neminem
621 4384 703 4440 preter
720 4383 743 4423 te
760 4389 833 4422 uuum
849 4388 926 4421 amere
942 4371 1026 4420 debere
1036 4385 1044 4429 ;
1062 4366 1212 4430 Agathonem

118 4471 198 4504 veroa
215 4456 280 4504 nullo
292 4456 338 4506 ulio
356 4471 425 4520 quem
442 4456 483 4503 aba
495 4461 517 4503 te
535 4456 614 4506 umeri.
631 4471 709 4504 rcrum
720 4470 768 4504 nou
780 4454 849 4502 lntuit
865 4470 916 4510 nos,
928 4452 986 4516 quid
1004 4450 1047 4498 sibi
1060 4447 1130 4496 uellet
1146 4452 1212 4493 tuurn

121 4534 180 4582 illud
192 4535 324 4598 Satyrieum
345 4536 518 4599 Silcnicurnquc
536 4535 682 4599 figmentum.
716 4536 770 4593 Sed,
789 4551 803 4582 e
821 4535 894 4582 eutice
912 4533 1033 4597 Agathon,
1048 4529 1215 4653 deudeHupera

181 4615 247 4665 Psu.
261 4617 300 4666 Tr.
706 4617 726 4664 Ι.
1091 4613 1106 4656 ⁸
