<?xml version="1.0" encoding="UTF-8"?>
<!DOCTYPE html PUBLIC "-//W3C//DTD XHTML 1.0 Transitional//EN"
    "http://www.w3.org/TR/xhtml1/DTD/xhtml1-transitional.dtd">
<html xmlns="http://www.w3.org/1999/xhtml" xml:lang="en" lang="en">
 <head>
  <title>
</title>
<meta http-equiv="Content-Type" content="text/html;charset=utf-8" />
  <meta name='ocr-system' content='tesseract 3.04.00' />
  <meta name='ocr-capabilities' content='ocr_page ocr_carea ocr_par ocr_line ocrx_word'/>
</head>
<body>
  <div class='ocr_page' id='page_1' title='image "./platonisetquaev06bekkgoog_0147.png"; bbox 0 0 3146 5316; ppageno 0'>
   <div class='ocr_carea' id='block_1_1' title="bbox 353 529 1442 610">
    <p class='ocr_par' dir='ltr' id='par_1_1' title="bbox 353 529 1442 610">
     <span class='ocr_line' id='line_1_1' title="bbox 353 529 1442 610; baseline -0.009 -12"><span class='ocrx_word' id='word_1_1' title='bbox 353 539 411 600; x_wconf 78' lang='lat'>1³4</span> <span class='ocrx_word' id='word_1_2' title='bbox 793 529 997 592; x_wconf 71' lang='lat' dir='ltr'>retronis</span> <span class='ocrx_word' id='word_1_3' title='bbox 1391 529 1442 610; x_wconf 77' lang='lat' dir='ltr'>[ne</span> 
     </span>
    </p>
   </div>
   <div class='ocr_carea' id='block_1_2' title="bbox 347 681 1447 1154">
    <p class='ocr_par' dir='ltr' id='par_1_2' title="bbox 347 681 1447 1154">
     <span class='ocr_line' id='line_1_2' title="bbox 349 681 1446 758; baseline -0.011 -14"><span class='ocrx_word' id='word_1_4' title='bbox 349 695 401 758; x_wconf 87' lang='lat' dir='ltr'>ipss</span> <span class='ocrx_word' id='word_1_5' title='bbox 410 691 531 757; x_wconf 77' lang='lat' dir='ltr'>reputeris</span> <span class='ocrx_word' id='word_1_6' title='bbox 549 687 602 752; x_wconf 70' lang='lat' dir='ltr'>tngo</span> <span class='ocrx_word' id='word_1_7' title='bbox 613 685 719 752; x_wconf 82' lang='lat' dir='ltr'>proiecto</span> <span class='ocrx_word' id='word_1_8' title='bbox 729 699 781 734; x_wconf 88' lang='lat' dir='ltr'>suro</span> <span class='ocrx_word' id='word_1_9' title='bbox 789 685 837 734; x_wconf 83' lang='lat' dir='ltr'>true</span> <span class='ocrx_word' id='word_1_10' title='bbox 847 683 943 732; x_wconf 87' lang='lat' dir='ltr'>homine</span> <span class='ocrx_word' id='word_1_11' title='bbox 957 681 1094 746; x_wconf 87' lang='lat' dir='ltr'>sepientior.</span> <span class='ocrx_word' id='word_1_12' title='bbox 1109 689 1208 746; x_wconf 82' lang='lat' dir='ltr'>epperet</span> <span class='ocrx_word' id='word_1_13' title='bbox 1225 681 1289 734; x_wconf 87' lang='lat' dir='ltr'>enim</span> <span class='ocrx_word' id='word_1_14' title='bbox 1300 689 1384 732; x_wconf 89' lang='lat' dir='ltr'>neuter</span> <span class='ocrx_word' id='word_1_15' title='bbox 1394 699 1446 732; x_wconf 87' lang='lat' dir='ltr'>eoe-</span> 
     </span>
     <span class='ocr_line' id='line_1_3' title="bbox 350 763 1445 840; baseline -0.009 -16"><span class='ocrx_word' id='word_1_16' title='bbox 350 783 410 824; x_wconf 85' lang='lat' dir='ltr'>trnrn</span> <span class='ocrx_word' id='word_1_17' title='bbox 421 774 544 840; x_wconf 83' lang='lat' dir='ltr'>pulchrum</span> <span class='ocrx_word' id='word_1_18' title='bbox 555 771 690 832; x_wconf 62' lang='lat' dir='ltr'>meumque</span> <span class='ocrx_word' id='word_1_19' title='bbox 700 765 790 830; x_wconf 88' lang='lat' dir='ltr'>eiiqnid</span> <span class='ocrx_word' id='word_1_20' title='bbox 810 779 897 814; x_wconf 90' lang='lat' dir='ltr'>nosse:</span> <span class='ocrx_word' id='word_1_21' title='bbox 915 764 957 812; x_wconf 91' lang='lat' dir='ltr'>sed</span> <span class='ocrx_word' id='word_1_22' title='bbox 973 765 1018 814; x_wconf 85' lang='lat' dir='ltr'>hee</span> <span class='ocrx_word' id='word_1_23' title='bbox 1034 765 1139 824; x_wconf 89' lang='lat' dir='ltr'>interest,</span> <span class='ocrx_word' id='word_1_24' title='bbox 1156 763 1220 826; x_wconf 91' lang='lat' dir='ltr'>quod</span> <span class='ocrx_word' id='word_1_25' title='bbox 1231 763 1271 812; x_wconf 86' lang='lat' dir='ltr'>hie</span> <span class='ocrx_word' id='word_1_26' title='bbox 1281 763 1379 827; x_wconf 87' lang='lat' dir='ltr'>quidem</span> <span class='ocrx_word' id='word_1_27' title='bbox 1393 779 1445 814; x_wconf 87' lang='lat' dir='ltr'>esre</span> 
     </span>
     <span class='ocr_line' id='line_1_4' title="bbox 350 843 1447 914; baseline -0.009 -10"><span class='ocrx_word' id='word_1_28' title='bbox 350 855 410 906; x_wconf 82' lang='lat' dir='ltr'>sciet</span> <span class='ocrx_word' id='word_1_29' title='bbox 419 853 488 911; x_wconf 86' lang='lat' dir='ltr'>nihii,</span> <span class='ocrx_word' id='word_1_30' title='bbox 497 852 555 901; x_wconf 88' lang='lat' dir='ltr'>seire</span> <span class='ocrx_word' id='word_1_31' title='bbox 566 866 592 899; x_wconf 90' lang='lat' dir='ltr'>se</span> <span class='ocrx_word' id='word_1_32' title='bbox 602 848 692 914; x_wconf 86' lang='lat' dir='ltr'>eiiqnid</span> <span class='ocrx_word' id='word_1_33' title='bbox 709 847 837 912; x_wconf 73' lang='lat' dir='ltr'>opinetur,</span> <span class='ocrx_word' id='word_1_34' title='bbox 853 861 899 910; x_wconf 71' lang='lat' dir='ltr'>eqo</span> <span class='ocrx_word' id='word_1_35' title='bbox 909 859 974 902; x_wconf 81' lang='lat' dir='ltr'>vero,</span> <span class='ocrx_word' id='word_1_36' title='bbox 990 843 1188 908; x_wconf 89' lang='lat' dir='ltr'>quemedmodurn</span> <span class='ocrx_word' id='word_1_37' title='bbox 1202 843 1292 899; x_wconf 83' lang='lat' dir='ltr'>neseio,</span> <span class='ocrx_word' id='word_1_38' title='bbox 1309 843 1342 894; x_wconf 85' lang='lat' dir='ltr'>ite</span> <span class='ocrx_word' id='word_1_39' title='bbox 1359 846 1447 894; x_wconf 84' lang='lat' dir='ltr'>nescire</span> 
     </span>
     <span class='ocr_line' id='line_1_5' title="bbox 350 925 1446 999; baseline -0.009 -15"><span class='ocrx_word' id='word_1_40' title='bbox 350 951 388 984; x_wconf 85' lang='lat' dir='ltr'>rue</span> <span class='ocrx_word' id='word_1_41' title='bbox 399 941 467 999; x_wconf 86' lang='lat' dir='ltr'>puto.</span> <span class='ocrx_word' id='word_1_42' title='bbox 500 932 591 981; x_wconf 86' lang='lat' dir='ltr'>Videor</span> <span class='ocrx_word' id='word_1_43' title='bbox 600 945 656 994; x_wconf 75' lang='lat' dir='ltr'>erqo</span> <span class='ocrx_word' id='word_1_44' title='bbox 667 929 693 977; x_wconf 92' lang='lat' dir='ltr'>in</span> <span class='ocrx_word' id='word_1_45' title='bbox 708 931 754 977; x_wconf 84' lang='lat' dir='ltr'>hee</span> <span class='ocrx_word' id='word_1_46' title='bbox 766 926 859 976; x_wconf 86' lang='lat' dir='ltr'>tentuie</span> <span class='ocrx_word' id='word_1_47' title='bbox 869 942 893 974; x_wconf 89' lang='lat' dir='ltr'>re</span> <span class='ocrx_word' id='word_1_48' title='bbox 911 925 957 974; x_wconf 88' lang='lat' dir='ltr'>hoc</span> <span class='ocrx_word' id='word_1_49' title='bbox 975 925 1072 974; x_wconf 88' lang='lat' dir='ltr'>homine</span> <span class='ocrx_word' id='word_1_50' title='bbox 1086 925 1216 988; x_wconf 70' lang='lat' dir='ltr'>sapientior</span> <span class='ocrx_word' id='word_1_51' title='bbox 1231 940 1291 982; x_wconf 89' lang='lat' dir='ltr'>esse,</span> <span class='ocrx_word' id='word_1_52' title='bbox 1305 925 1380 990; x_wconf 90' lang='lat' dir='ltr'>quod,</span> <span class='ocrx_word' id='word_1_53' title='bbox 1395 943 1446 992; x_wconf 86' lang='lat' dir='ltr'>que</span> 
     </span>
     <span class='ocr_line' id='line_1_6' title="bbox 347 1005 1447 1080; baseline -0.015 -16"><span class='ocrx_word' id='word_1_54' title='bbox 347 1017 439 1080; x_wconf 80' lang='lat' dir='ltr'>ignoro,</span> <span class='ocrx_word' id='word_1_55' title='bbox 449 1027 528 1078; x_wconf 86' lang='lat' dir='ltr'>neque</span> <span class='ocrx_word' id='word_1_56' title='bbox 538 1012 597 1061; x_wconf 83' lang='lat' dir='ltr'>scire</span> <span class='ocrx_word' id='word_1_57' title='bbox 605 1027 643 1059; x_wconf 91' lang='lat' dir='ltr'>me</span> <span class='ocrx_word' id='word_1_58' title='bbox 653 1009 759 1058; x_wconf 87' lang='lat' dir='ltr'>erhitror.</span> <span class='ocrx_word' id='word_1_59' title='bbox 791 1007 850 1056; x_wconf 81' lang='lat' dir='ltr'>Post</span> <span class='ocrx_word' id='word_1_60' title='bbox 860 1008 911 1056; x_wconf 77' lang='lat' dir='ltr'>heo</span> <span class='ocrx_word' id='word_1_61' title='bbox 923 1005 994 1054; x_wconf 81' lang='lat' dir='ltr'>etium</span> <span class='ocrx_word' id='word_1_62' title='bbox 1003 1005 1051 1054; x_wconf 86' lang='lat' dir='ltr'>edii</span> <span class='ocrx_word' id='word_1_63' title='bbox 1061 1021 1090 1054; x_wconf 83' lang='lat' dir='ltr'>er</span> <span class='ocrx_word' id='word_1_64' title='bbox 1101 1005 1147 1063; x_wconf 92' lang='lat' dir='ltr'>his,</span> <span class='ocrx_word' id='word_1_65' title='bbox 1163 1005 1204 1070; x_wconf 92' lang='lat' dir='ltr'>qui</span> <span class='ocrx_word' id='word_1_66' title='bbox 1222 1005 1263 1053; x_wconf 90' lang='lat' dir='ltr'>iiio</span> <span class='ocrx_word' id='word_1_67' title='bbox 1278 1005 1376 1070; x_wconf 90' lang='lat' dir='ltr'>insuper</span> <span class='ocrx_word' id='word_1_68' title='bbox 1385 1007 1447 1071; x_wconf 68' lang='lat' dir='ltr'>api.</span> 
     </span>
     <span class='ocr_line' id='line_1_7' title="bbox 349 1083 1446 1154; baseline -0.01 -9"><span class='ocrx_word' id='word_1_69' title='bbox 349 1097 451 1145; x_wconf 86' lang='lat' dir='ltr'>entiores</span> <span class='ocrx_word' id='word_1_70' title='bbox 466 1095 597 1154; x_wconf 87' lang='lat' dir='ltr'>hebentur;</span> <span class='ocrx_word' id='word_1_71' title='bbox 614 1093 638 1140; x_wconf 87' lang='lat' dir='ltr'>in</span> <span class='ocrx_word' id='word_1_72' title='bbox 653 1105 730 1154; x_wconf 87' lang='lat' dir='ltr'>eoque</span> <span class='ocrx_word' id='word_1_73' title='bbox 747 1087 919 1138; x_wconf 72' lang='lat' dir='ltr'>eondderendo</span> <span class='ocrx_word' id='word_1_74' title='bbox 936 1087 1033 1134; x_wconf 87' lang='lat' dir='ltr'>omniuo</span> <span class='ocrx_word' id='word_1_75' title='bbox 1044 1085 1150 1134; x_wconf 86' lang='lat' dir='ltr'>similiter</span> <span class='ocrx_word' id='word_1_76' title='bbox 1162 1083 1279 1149; x_wconf 86' lang='lat' dir='ltr'>judiceri,</span> <span class='ocrx_word' id='word_1_77' title='bbox 1294 1093 1367 1150; x_wconf 88' lang='lat' dir='ltr'>etque</span> <span class='ocrx_word' id='word_1_78' title='bbox 1381 1087 1446 1140; x_wconf 81' lang='lat' dir='ltr'>iiturn</span> 
     </span>
    </p>
   </div>
   <div class='ocr_carea' id='block_1_3' title="bbox 256 1165 1446 1241">
    <p class='ocr_par' dir='ltr' id='par_1_3' title="bbox 256 1165 1446 1241">
     <span class='ocr_line' id='line_1_8' title="bbox 256 1165 1446 1241; baseline -0.006 -16"><span class='ocrx_word' id='word_1_79' title='bbox 256 1199 262 1210; x_wconf 58' lang='grc' dir='ltr'>ν</span> <span class='ocrx_word' id='word_1_80' title='bbox 349 1178 455 1241; x_wconf 84' lang='lat' dir='ltr'>eliosqne</span> <span class='ocrx_word' id='word_1_81' title='bbox 472 1175 559 1223; x_wconf 88' lang='lat' dir='ltr'>multos</span> <span class='ocrx_word' id='word_1_82' title='bbox 575 1173 631 1221; x_wconf 88' lang='lat' dir='ltr'>mihi</span> <span class='ocrx_word' id='word_1_83' title='bbox 650 1169 744 1221; x_wconf 90' lang='lat' dir='ltr'>reddidi</span> <span class='ocrx_word' id='word_1_84' title='bbox 766 1169 885 1220; x_wconf 80' lang='lat' dir='ltr'>inimicos.</span> <span class='ocrx_word' id='word_1_85' title='bbox 918 1167 1023 1216; x_wconf 78' lang='lat' dir='ltr'>Proinde</span> <span class='ocrx_word' id='word_1_86' title='bbox 1043 1167 1149 1214; x_wconf 82' lang='lat' dir='ltr'>similiter</span> <span class='ocrx_word' id='word_1_87' title='bbox 1166 1165 1280 1230; x_wconf 87' lang='lat' dir='ltr'>deinceps</span> <span class='ocrx_word' id='word_1_88' title='bbox 1297 1167 1400 1230; x_wconf 73' lang='lat' dir='ltr'>prooeeei</span> <span class='ocrx_word' id='word_1_89' title='bbox 1415 1169 1446 1218; x_wconf 89' lang='lat' dir='ltr'>sd</span> 
     </span>
    </p>
   </div>
   <div class='ocr_carea' id='block_1_4' title="bbox 348 1247 1448 2210">
    <p class='ocr_par' dir='ltr' id='par_1_4' title="bbox 348 1247 1448 2210">
     <span class='ocr_line' id='line_1_9' title="bbox 349 1247 1447 1318; baseline -0.007 -12"><span class='ocrx_word' id='word_1_90' title='bbox 349 1257 417 1316; x_wconf 83' lang='lat' dir='ltr'>eiius,</span> <span class='ocrx_word' id='word_1_91' title='bbox 427 1271 476 1304; x_wconf 90' lang='lat' dir='ltr'>non</span> <span class='ocrx_word' id='word_1_92' title='bbox 487 1255 606 1318; x_wconf 76' lang='lat' dir='ltr'>ignoretis,</span> <span class='ocrx_word' id='word_1_93' title='bbox 616 1258 730 1317; x_wconf 87' lang='lat' dir='ltr'>quentum</span> <span class='ocrx_word' id='word_1_94' title='bbox 742 1252 853 1300; x_wconf 89' lang='lat' dir='ltr'>edrersus</span> <span class='ocrx_word' id='word_1_95' title='bbox 864 1265 902 1298; x_wconf 90' lang='lat' dir='ltr'>rne</span> <span class='ocrx_word' id='word_1_96' title='bbox 913 1248 995 1297; x_wconf 87' lang='lat' dir='ltr'>odium</span> <span class='ocrx_word' id='word_1_97' title='bbox 1013 1247 1172 1308; x_wconf 69' lang='lat' dir='ltr'>concitarem,</span> <span class='ocrx_word' id='word_1_98' title='bbox 1188 1247 1290 1312; x_wconf 90' lang='lat' dir='ltr'>ideoque</span> <span class='ocrx_word' id='word_1_99' title='bbox 1299 1262 1348 1296; x_wconf 88' lang='lat' dir='ltr'>eon</span> <span class='ocrx_word' id='word_1_100' title='bbox 1360 1249 1447 1313; x_wconf 87' lang='lat' dir='ltr'>ehrque</span> 
     </span>
     <span class='ocr_line' id='line_1_10' title="bbox 350 1327 1448 1402; baseline -0.008 -15"><span class='ocrx_word' id='word_1_101' title='bbox 350 1337 431 1388; x_wconf 81' lang='lat' dir='ltr'>dolore</span> <span class='ocrx_word' id='word_1_102' title='bbox 442 1336 545 1402; x_wconf 84' lang='lat' dir='ltr'>quodem</span> <span class='ocrx_word' id='word_1_103' title='bbox 555 1335 686 1399; x_wconf 86' lang='lat' dir='ltr'>timoreque</span> <span class='ocrx_word' id='word_1_104' title='bbox 697 1332 863 1397; x_wconf 84' lang='lat' dir='ltr'>proeedehem.</span> <span class='ocrx_word' id='word_1_105' title='bbox 895 1330 1056 1379; x_wconf 87' lang='lat' dir='ltr'>Veruntemen</span> <span class='ocrx_word' id='word_1_106' title='bbox 1074 1327 1228 1377; x_wconf 65' lang='lat' dir='ltr'>neemium</span> <span class='ocrx_word' id='word_1_107' title='bbox 1246 1327 1303 1376; x_wconf 89' lang='lat' dir='ltr'>rnihi</span> <span class='ocrx_word' id='word_1_108' title='bbox 1314 1329 1390 1378; x_wconf 83' lang='lat' dir='ltr'>risum</span> <span class='ocrx_word' id='word_1_109' title='bbox 1403 1339 1448 1387; x_wconf 88' lang='lat' dir='ltr'>est,</span> 
     </span>
     <span class='ocr_line' id='line_1_11' title="bbox 349 1409 1446 1476; baseline -0.01 -7"><span class='ocrx_word' id='word_1_110' title='bbox 349 1417 469 1469; x_wconf 74' lang='lat' dir='ltr'>omniurn</span> <span class='ocrx_word' id='word_1_111' title='bbox 487 1416 592 1465; x_wconf 73' lang='lat' dir='ltr'>divinum</span> <span class='ocrx_word' id='word_1_112' title='bbox 609 1414 717 1464; x_wconf 85' lang='lat' dir='ltr'>omnibus</span> <span class='ocrx_word' id='word_1_113' title='bbox 736 1413 860 1468; x_wconf 82' lang='lat' dir='ltr'>enteierre,</span> <span class='ocrx_word' id='word_1_114' title='bbox 881 1410 1016 1476; x_wconf 86' lang='lat' dir='ltr'>peeeirnque</span> <span class='ocrx_word' id='word_1_115' title='bbox 1037 1409 1146 1474; x_wconf 69' lang='lat' dir='ltr'>progredi</span> <span class='ocrx_word' id='word_1_116' title='bbox 1168 1415 1375 1472; x_wconf 61' lang='lat' dir='ltr'>perscrutinium,</span> <span class='ocrx_word' id='word_1_117' title='bbox 1390 1409 1446 1473; x_wconf 87' lang='lat' dir='ltr'>qnid</span> 
     </span>
     <span class='ocr_line' id='line_1_12' title="bbox 350 1489 1448 1559; baseline -0.011 -8"><span class='ocrx_word' id='word_1_118' title='bbox 350 1499 396 1552; x_wconf 86' lang='lat' dir='ltr'>sihi</span> <span class='ocrx_word' id='word_1_119' title='bbox 412 1499 470 1550; x_wconf 88' lang='lat' dir='ltr'>reiit</span> <span class='ocrx_word' id='word_1_120' title='bbox 485 1497 622 1556; x_wconf 71' lang='lat' dir='ltr'>omentum,</span> <span class='ocrx_word' id='word_1_121' title='bbox 645 1495 764 1559; x_wconf 89' lang='lat' dir='ltr'>hujusque</span> <span class='ocrx_word' id='word_1_122' title='bbox 781 1493 856 1558; x_wconf 74' lang='lat' dir='ltr'>gretie</span> <span class='ocrx_word' id='word_1_123' title='bbox 872 1507 962 1550; x_wconf 91' lang='lat' dir='ltr'>ornnes,</span> <span class='ocrx_word' id='word_1_124' title='bbox 979 1499 1132 1556; x_wconf 72' lang='lat' dir='ltr'>quotcunque</span> <span class='ocrx_word' id='word_1_125' title='bbox 1147 1489 1238 1554; x_wconf 86' lang='lat' dir='ltr'>eliquid</span> <span class='ocrx_word' id='word_1_126' title='bbox 1253 1489 1314 1538; x_wconf 86' lang='lat' dir='ltr'>scire</span> <span class='ocrx_word' id='word_1_127' title='bbox 1330 1489 1448 1548; x_wconf 87' lang='lat' dir='ltr'>ridenter,</span> 
     </span>
     <span class='ocr_line' id='line_1_13' title="bbox 350 1569 1447 1644; baseline -0.012 -14"><span class='ocrx_word' id='word_1_128' title='bbox 350 1583 424 1633; x_wconf 92' lang='lat' dir='ltr'>edire.</span> <span class='ocrx_word' id='word_1_129' title='bbox 455 1580 488 1628; x_wconf 87' lang='lat' dir='ltr'>Et</span> <span class='ocrx_word' id='word_1_130' title='bbox 499 1594 540 1644; x_wconf 91' lang='lat' dir='ltr'>per</span> <span class='ocrx_word' id='word_1_131' title='bbox 556 1593 650 1640; x_wconf 74' lang='lat' dir='ltr'>mtrem,</span> <span class='ocrx_word' id='word_1_132' title='bbox 670 1575 738 1624; x_wconf 89' lang='lat' dir='ltr'>oriri</span> <span class='ocrx_word' id='word_1_133' title='bbox 756 1575 813 1639; x_wconf 64' lang='grc' dir='ltr'>[Η]</span> <span class='ocrx_word' id='word_1_134' title='bbox 831 1573 1000 1628; x_wconf 86' lang='lat' dir='ltr'>Athenienses,</span> <span class='ocrx_word' id='word_1_135' title='bbox 1015 1571 1122 1637; x_wconf 90' lang='lat' dir='ltr'>(oportet</span> <span class='ocrx_word' id='word_1_136' title='bbox 1136 1570 1200 1620; x_wconf 88' lang='lat' dir='ltr'>enirn</span> <span class='ocrx_word' id='word_1_137' title='bbox 1210 1569 1277 1618; x_wconf 85' lang='lat' dir='ltr'>robis</span> <span class='ocrx_word' id='word_1_138' title='bbox 1288 1585 1342 1620; x_wconf 87' lang='lat' dir='ltr'>rere</span> <span class='ocrx_word' id='word_1_139' title='bbox 1361 1570 1447 1632; x_wconf 81' lang='lat' dir='ltr'>isteri,)</span> 
     </span>
     <span class='ocr_line' id='line_1_14' title="bbox 350 1650 1447 1727; baseline -0.012 -14"><span class='ocrx_word' id='word_1_140' title='bbox 350 1663 397 1712; x_wconf 85' lang='lat' dir='ltr'>tels</span> <span class='ocrx_word' id='word_1_141' title='bbox 408 1661 498 1727; x_wconf 81' lang='lat' dir='ltr'>eliquid</span> <span class='ocrx_word' id='word_1_142' title='bbox 510 1659 566 1708; x_wconf 87' lang='lat' dir='ltr'>mihi</span> <span class='ocrx_word' id='word_1_143' title='bbox 577 1659 677 1722; x_wconf 78' lang='lat' dir='ltr'>contigit</span> <span class='ocrx_word' id='word_1_144' title='bbox 687 1657 738 1706; x_wconf 84' lang='lat' dir='ltr'>hee</span> <span class='ocrx_word' id='word_1_145' title='bbox 749 1672 778 1704; x_wconf 85' lang='lat' dir='ltr'>es</span> <span class='ocrx_word' id='word_1_146' title='bbox 789 1655 871 1704; x_wconf 87' lang='lat' dir='ltr'>dieino</span> <span class='ocrx_word' id='word_1_147' title='bbox 886 1653 983 1704; x_wconf 84' lang='lat' dir='ltr'>orecnio</span> <span class='ocrx_word' id='word_1_148' title='bbox 999 1652 1157 1717; x_wconf 77' lang='lat' dir='ltr'>perquirenti,</span> <span class='ocrx_word' id='word_1_149' title='bbox 1173 1659 1209 1708; x_wconf 92' lang='lat' dir='ltr'>ut,</span> <span class='ocrx_word' id='word_1_150' title='bbox 1222 1651 1264 1714; x_wconf 88' lang='lat' dir='ltr'>qui</span> <span class='ocrx_word' id='word_1_151' title='bbox 1281 1650 1395 1714; x_wconf 88' lang='lat' dir='ltr'>opinione</span> <span class='ocrx_word' id='word_1_152' title='bbox 1405 1653 1447 1700; x_wconf 82' lang='lat' dir='ltr'>to-</span> 
     </span>
     <span class='ocr_line' id='line_1_15' title="bbox 349 1731 1447 1804; baseline -0.009 -12"><span class='ocrx_word' id='word_1_153' title='bbox 349 1745 437 1792; x_wconf 89' lang='lat' dir='ltr'>minum</span> <span class='ocrx_word' id='word_1_154' title='bbox 449 1742 548 1792; x_wconf 81' lang='lat' dir='ltr'>rnsrirne</span> <span class='ocrx_word' id='word_1_155' title='bbox 559 1739 727 1804; x_wconf 90' lang='lat' dir='ltr'>probebentur,</span> <span class='ocrx_word' id='word_1_156' title='bbox 743 1752 786 1786; x_wconf 90' lang='lat' dir='ltr'>eos</span> <span class='ocrx_word' id='word_1_157' title='bbox 804 1736 872 1800; x_wconf 86' lang='lat' dir='ltr'>qussi</span> <span class='ocrx_word' id='word_1_158' title='bbox 882 1735 988 1784; x_wconf 83' lang='lat' dir='ltr'>ninnium</span> <span class='ocrx_word' id='word_1_159' title='bbox 1004 1733 1228 1797; x_wconf 85' lang='lat' dir='ltr'>imprudentissimoe</span> <span class='ocrx_word' id='word_1_160' title='bbox 1246 1731 1374 1781; x_wconf 71' lang='lat' dir='ltr'>invenirem</span> <span class='ocrx_word' id='word_1_161' title='bbox 1383 1751 1391 1792; x_wconf 67' lang='grc' dir='ltr'><strong>ς</strong></span> <span class='ocrx_word' id='word_1_162' title='bbox 1407 1733 1447 1798; x_wconf 90' lang='lat' dir='ltr'>qui</span> 
     </span>
     <span class='ocr_line' id='line_1_16' title="bbox 349 1813 1446 1883; baseline -0.008 -12"><span class='ocrx_word' id='word_1_163' title='bbox 349 1839 405 1873; x_wconf 84' lang='lat' dir='ltr'>sero</span> <span class='ocrx_word' id='word_1_164' title='bbox 423 1823 542 1872; x_wconf 74' lang='lat' dir='ltr'>interiores</span> <span class='ocrx_word' id='word_1_165' title='bbox 561 1821 716 1882; x_wconf 85' lang='lat' dir='ltr'>hebehsntur,</span> <span class='ocrx_word' id='word_1_166' title='bbox 732 1834 782 1874; x_wconf 90' lang='lat' dir='ltr'>eos,</span> <span class='ocrx_word' id='word_1_167' title='bbox 802 1825 916 1883; x_wconf 88' lang='lat' dir='ltr'>qusntnm</span> <span class='ocrx_word' id='word_1_168' title='bbox 933 1816 963 1864; x_wconf 90' lang='lat' dir='ltr'>ed</span> <span class='ocrx_word' id='word_1_169' title='bbox 985 1814 1133 1879; x_wconf 79' lang='lat' dir='ltr'>prudentium</span> <span class='ocrx_word' id='word_1_170' title='bbox 1150 1819 1251 1877; x_wconf 83' lang='lat' dir='ltr'>spectet,</span> <span class='ocrx_word' id='word_1_171' title='bbox 1268 1813 1446 1875; x_wconf 87' lang='lat' dir='ltr'>prohehiiiuese</span> 
     </span>
     <span class='ocr_line' id='line_1_17' title="bbox 349 1895 1445 1967; baseline -0.012 -12"><span class='ocrx_word' id='word_1_172' title='bbox 349 1906 442 1954; x_wconf 85' lang='lat' dir='ltr'>hebere.</span> <span class='ocrx_word' id='word_1_173' title='bbox 474 1903 560 1967; x_wconf 77' lang='lat' dir='ltr'>Opere</span> <span class='ocrx_word' id='word_1_174' title='bbox 572 1901 671 1966; x_wconf 89' lang='lat' dir='ltr'>pretinrn</span> <span class='ocrx_word' id='word_1_175' title='bbox 683 1907 728 1956; x_wconf 88' lang='lat' dir='ltr'>est,</span> <span class='ocrx_word' id='word_1_176' title='bbox 741 1899 825 1948; x_wconf 82' lang='lat' dir='ltr'>referre</span> <span class='ocrx_word' id='word_1_177' title='bbox 836 1897 903 1946; x_wconf 86' lang='lat' dir='ltr'>robis</span> <span class='ocrx_word' id='word_1_178' title='bbox 919 1911 1008 1946; x_wconf 85' lang='lat' dir='ltr'>errores</span> <span class='ocrx_word' id='word_1_179' title='bbox 1024 1896 1161 1958; x_wconf 72' lang='lat' dir='ltr'>laboresque</span> <span class='ocrx_word' id='word_1_180' title='bbox 1173 1909 1246 1950; x_wconf 87' lang='lat' dir='ltr'>meos,</span> <span class='ocrx_word' id='word_1_181' title='bbox 1265 1909 1327 1957; x_wconf 90' lang='lat' dir='ltr'>qeos</span> <span class='ocrx_word' id='word_1_182' title='bbox 1336 1895 1445 1958; x_wconf 87' lang='lat' dir='ltr'>equidem</span> 
     </span>
     <span class='ocr_line' id='line_1_18' title="bbox 351 1975 1446 2050; baseline -0.009 -17"><span class='ocrx_word' id='word_1_183' title='bbox 351 1983 645 2050; x_wconf 86' lang='lat' dir='ltr'>proptereeeustinui,qno</span> <span class='ocrx_word' id='word_1_184' title='bbox 657 1997 672 2029; x_wconf 91' lang='lat' dir='ltr'>e</span> <span class='ocrx_word' id='word_1_185' title='bbox 683 1996 720 2030; x_wconf 93' lang='lat' dir='ltr'>me</span> <span class='ocrx_word' id='word_1_186' title='bbox 730 1980 850 2029; x_wconf 84' lang='lat' dir='ltr'>oreeulurn</span> <span class='ocrx_word' id='word_1_187' title='bbox 861 1979 923 2028; x_wconf 90' lang='lat' dir='ltr'>edeo</span> <span class='ocrx_word' id='word_1_188' title='bbox 935 1977 1080 2042; x_wconf 85' lang='lat' dir='ltr'>preberetur,</span> <span class='ocrx_word' id='word_1_189' title='bbox 1098 1983 1124 2024; x_wconf 88' lang='lat' dir='ltr'>ut</span> <span class='ocrx_word' id='word_1_190' title='bbox 1140 1975 1247 2038; x_wconf 78' lang='lat' dir='ltr'>rederqui</span> <span class='ocrx_word' id='word_1_191' title='bbox 1258 1975 1317 2023; x_wconf 86' lang='lat' dir='ltr'>ultre</span> <span class='ocrx_word' id='word_1_192' title='bbox 1328 1990 1377 2024; x_wconf 84' lang='lat' dir='ltr'>noe</span> <span class='ocrx_word' id='word_1_193' title='bbox 1394 1991 1446 2040; x_wconf 89' lang='lat' dir='ltr'>pos-</span> 
     </span>
     <span class='ocr_line' id='line_1_19' title="bbox 350 2056 1446 2126; baseline -0.008 -12"><span class='ocrx_word' id='word_1_194' title='bbox 350 2073 395 2116; x_wconf 88' lang='lat' dir='ltr'>set.</span> <span class='ocrx_word' id='word_1_195' title='bbox 428 2065 487 2114; x_wconf 88' lang='lat' dir='ltr'>Post</span> <span class='ocrx_word' id='word_1_196' title='bbox 495 2063 577 2114; x_wconf 85' lang='lat' dir='ltr'>ciriies</span> <span class='ocrx_word' id='word_1_197' title='bbox 587 2063 694 2112; x_wconf 79' lang='lat' dir='ltr'>hominen</span> <span class='ocrx_word' id='word_1_198' title='bbox 711 2061 741 2110; x_wconf 88' lang='lat' dir='ltr'>ed</span> <span class='ocrx_word' id='word_1_199' title='bbox 758 2068 842 2126; x_wconf 86' lang='lat' dir='ltr'>poetes</span> <span class='ocrx_word' id='word_1_200' title='bbox 857 2075 895 2107; x_wconf 88' lang='lat' dir='ltr'>me</span> <span class='ocrx_word' id='word_1_201' title='bbox 911 2057 1012 2118; x_wconf 88' lang='lat' dir='ltr'>contuli,</span> <span class='ocrx_word' id='word_1_202' title='bbox 1029 2057 1193 2120; x_wconf 79' lang='lat' dir='ltr'>tregredierum</span> <span class='ocrx_word' id='word_1_203' title='bbox 1207 2063 1231 2104; x_wconf 90' lang='lat' dir='ltr'>et</span> <span class='ocrx_word' id='word_1_204' title='bbox 1247 2056 1446 2120; x_wconf 74' lang='lat' dir='ltr'>dithyremhornm</span> 
     </span>
     <span class='ocr_line' id='line_1_20' title="bbox 348 2135 1446 2210; baseline -0.01 -15"><span class='ocrx_word' id='word_1_205' title='bbox 348 2147 493 2210; x_wconf 88' lang='lat' dir='ltr'>eiiornruque</span> <span class='ocrx_word' id='word_1_206' title='bbox 504 2145 631 2194; x_wconf 87' lang='lat' dir='ltr'>etrrninum</span> <span class='ocrx_word' id='word_1_207' title='bbox 643 2151 759 2204; x_wconf 85' lang='lat' dir='ltr'>suctores,</span> <span class='ocrx_word' id='word_1_208' title='bbox 776 2139 843 2204; x_wconf 87' lang='lat' dir='ltr'>qussi</span> <span class='ocrx_word' id='word_1_209' title='bbox 862 2139 901 2187; x_wconf 88' lang='lat' dir='ltr'>hic</span> <span class='ocrx_word' id='word_1_210' title='bbox 911 2137 1036 2202; x_wconf 87' lang='lat' dir='ltr'>perspicue</span> <span class='ocrx_word' id='word_1_211' title='bbox 1047 2136 1174 2184; x_wconf 87' lang='lat' dir='ltr'>edmodum</span> <span class='ocrx_word' id='word_1_212' title='bbox 1186 2135 1384 2200; x_wconf 69' lang='lat' dir='ltr'>depromemus,</span> <span class='ocrx_word' id='word_1_213' title='bbox 1397 2154 1446 2188; x_wconf 67' lang='lat' dir='ltr'>ene</span> 
     </span>
    </p>
   </div>
   <div class='ocr_carea' id='block_1_5' title="bbox 238 2217 1447 2286">
    <p class='ocr_par' dir='ltr' id='par_1_5' title="bbox 238 2217 1447 2286">
     <span class='ocr_line' id='line_1_21' title="bbox 238 2217 1447 2286; baseline -0.006 -12"><span class='ocrx_word' id='word_1_214' title='bbox 238 2261 240 2266; x_wconf 86' lang='lat'>-</span> <span class='ocrx_word' id='word_1_215' title='bbox 348 2243 386 2276; x_wconf 90' lang='lat' dir='ltr'>me</span> <span class='ocrx_word' id='word_1_216' title='bbox 404 2225 582 2274; x_wconf 87' lang='lat' dir='ltr'>hiemdiorern.</span> <span class='ocrx_word' id='word_1_217' title='bbox 617 2222 731 2286; x_wconf 79' lang='lat' dir='ltr'>Acceptis</span> <span class='ocrx_word' id='word_1_218' title='bbox 750 2218 1010 2284; x_wconf 87' lang='lat' dir='ltr'>itequeenrumiihris,</span> <span class='ocrx_word' id='word_1_219' title='bbox 1030 2218 1055 2264; x_wconf 91' lang='lat' dir='ltr'>in</span> <span class='ocrx_word' id='word_1_220' title='bbox 1074 2217 1160 2282; x_wconf 90' lang='lat' dir='ltr'>quibus</span> <span class='ocrx_word' id='word_1_221' title='bbox 1176 2217 1331 2265; x_wconf 88' lang='lat' dir='ltr'>eiehorerisee</span> <span class='ocrx_word' id='word_1_222' title='bbox 1348 2219 1447 2268; x_wconf 73' lang='lat' dir='ltr'>menime</span> 
     </span>
    </p>
   </div>
   <div class='ocr_carea' id='block_1_6' title="bbox 348 2297 1447 3094">
    <p class='ocr_par' dir='ltr' id='par_1_6' title="bbox 348 2297 1447 3094">
     <span class='ocr_line' id='line_1_22' title="bbox 348 2297 1446 2362; baseline -0.005 -8"><span class='ocrx_word' id='word_1_223' title='bbox 348 2307 496 2360; x_wconf 85' lang='lat' dir='ltr'>videbentur,</span> <span class='ocrx_word' id='word_1_224' title='bbox 507 2303 638 2352; x_wconf 87' lang='lat' dir='ltr'>sciscitetur</span> <span class='ocrx_word' id='word_1_225' title='bbox 649 2317 699 2349; x_wconf 88' lang='lat' dir='ltr'>eurn</span> <span class='ocrx_word' id='word_1_226' title='bbox 710 2317 790 2350; x_wconf 89' lang='lat' dir='ltr'>eorunr</span> <span class='ocrx_word' id='word_1_227' title='bbox 802 2315 879 2357; x_wconf 91' lang='lat' dir='ltr'>sense,</span> <span class='ocrx_word' id='word_1_228' title='bbox 898 2308 926 2346; x_wconf 90' lang='lat' dir='ltr'>ut</span> <span class='ocrx_word' id='word_1_229' title='bbox 943 2298 1051 2347; x_wconf 82' lang='lat' dir='ltr'>nonnihil</span> <span class='ocrx_word' id='word_1_230' title='bbox 1070 2299 1101 2346; x_wconf 89' lang='lat' dir='ltr'>eh</span> <span class='ocrx_word' id='word_1_231' title='bbox 1116 2297 1174 2361; x_wconf 86' lang='lat' dir='ltr'>ipsis</span> <span class='ocrx_word' id='word_1_232' title='bbox 1189 2297 1354 2362; x_wconf 74' lang='lat' dir='ltr'>perdiscerem.</span> <span class='ocrx_word' id='word_1_233' title='bbox 1387 2299 1446 2348; x_wconf 65' lang='lat' dir='ltr'>tun</span> 
     </span>
     <span class='ocr_line' id='line_1_23' title="bbox 349 2377 1447 2446; baseline -0.005 -11"><span class='ocrx_word' id='word_1_234' title='bbox 349 2387 430 2442; x_wconf 85' lang='lat' dir='ltr'>hesco,</span> <span class='ocrx_word' id='word_1_235' title='bbox 448 2401 463 2432; x_wconf 91' lang='lat' dir='ltr'>o</span> <span class='ocrx_word' id='word_1_236' title='bbox 473 2385 527 2445; x_wconf 82' lang='lat' dir='ltr'>riri,</span> <span class='ocrx_word' id='word_1_237' title='bbox 539 2397 618 2431; x_wconf 84' lang='lat' dir='ltr'>rerum</span> <span class='ocrx_word' id='word_1_238' title='bbox 638 2383 677 2431; x_wconf 87' lang='lat' dir='ltr'>hie</span> <span class='ocrx_word' id='word_1_239' title='bbox 688 2382 756 2430; x_wconf 83' lang='lat' dir='ltr'>vohis</span> <span class='ocrx_word' id='word_1_240' title='bbox 774 2381 879 2446; x_wconf 87' lang='lat' dir='ltr'>eperire:</span> <span class='ocrx_word' id='word_1_241' title='bbox 898 2381 1026 2430; x_wconf 87' lang='lat' dir='ltr'>dicendum</span> <span class='ocrx_word' id='word_1_242' title='bbox 1043 2387 1081 2428; x_wconf 92' lang='lat' dir='ltr'>est</span> <span class='ocrx_word' id='word_1_243' title='bbox 1097 2387 1185 2426; x_wconf 82' lang='lat' dir='ltr'>temen.</span> <span class='ocrx_word' id='word_1_244' title='bbox 1216 2377 1267 2427; x_wconf 83' lang='lat' dir='ltr'>Alii</span> <span class='ocrx_word' id='word_1_245' title='bbox 1284 2395 1354 2443; x_wconf 77' lang='lat' dir='ltr'>pene</span> <span class='ocrx_word' id='word_1_246' title='bbox 1367 2395 1447 2429; x_wconf 85' lang='lat' dir='ltr'>omnes</span> 
     </span>
     <span class='ocr_line' id='line_1_24' title="bbox 351 2459 1447 2530; baseline -0.006 -16"><span class='ocrx_word' id='word_1_247' title='bbox 351 2471 486 2530; x_wconf 71' lang='lat' dir='ltr'>presentes,</span> <span class='ocrx_word' id='word_1_248' title='bbox 497 2471 524 2512; x_wconf 88' lang='lat' dir='ltr'>ut</span> <span class='ocrx_word' id='word_1_249' title='bbox 534 2464 569 2512; x_wconf 87' lang='lat' dir='ltr'>ite</span> <span class='ocrx_word' id='word_1_250' title='bbox 578 2462 687 2520; x_wconf 77' lang='lat' dir='ltr'>dixerint,</span> <span class='ocrx_word' id='word_1_251' title='bbox 703 2463 787 2511; x_wconf 86' lang='lat' dir='ltr'>melius</span> <span class='ocrx_word' id='word_1_252' title='bbox 803 2463 910 2512; x_wconf 87' lang='lat' dir='ltr'>derebus</span> <span class='ocrx_word' id='word_1_253' title='bbox 921 2461 957 2510; x_wconf 86' lang='lat' dir='ltr'>his</span> <span class='ocrx_word' id='word_1_254' title='bbox 968 2461 1128 2524; x_wconf 86' lang='lat' dir='ltr'>loquerentur,</span> <span class='ocrx_word' id='word_1_255' title='bbox 1144 2459 1271 2524; x_wconf 82' lang='lat' dir='ltr'>dequibus</span> <span class='ocrx_word' id='word_1_256' title='bbox 1282 2459 1327 2524; x_wconf 88' lang='lat' dir='ltr'>ipei</span> <span class='ocrx_word' id='word_1_257' title='bbox 1339 2469 1447 2524; x_wconf 86' lang='lat' dir='ltr'>poemete</span> 
     </span>
     <span class='ocr_line' id='line_1_25' title="bbox 349 2540 1447 2610; baseline -0.005 -14"><span class='ocrx_word' id='word_1_258' title='bbox 349 2545 545 2610; x_wconf 84' lang='lat' dir='ltr'>conscripserunt.</span> <span class='ocrx_word' id='word_1_259' title='bbox 577 2543 735 2608; x_wconf 86' lang='lat' dir='ltr'>Deprehendi</span> <span class='ocrx_word' id='word_1_260' title='bbox 750 2544 824 2609; x_wconf 74' lang='lat' dir='ltr'>igitur</span> <span class='ocrx_word' id='word_1_261' title='bbox 837 2543 903 2592; x_wconf 83' lang='lat' dir='ltr'>brevi</span> <span class='ocrx_word' id='word_1_262' title='bbox 917 2542 943 2590; x_wconf 96' lang='lat' dir='ltr'>id</span> <span class='ocrx_word' id='word_1_263' title='bbox 954 2541 979 2590; x_wconf 89' lang='lat' dir='ltr'>in</span> <span class='ocrx_word' id='word_1_264' title='bbox 991 2542 1078 2605; x_wconf 85' lang='lat' dir='ltr'>poetis,</span> <span class='ocrx_word' id='word_1_265' title='bbox 1095 2557 1136 2590; x_wconf 90' lang='lat' dir='ltr'>eos</span> <span class='ocrx_word' id='word_1_266' title='bbox 1147 2540 1257 2590; x_wconf 74' lang='lat' dir='ltr'>videlieet</span> <span class='ocrx_word' id='word_1_267' title='bbox 1267 2557 1317 2590; x_wconf 91' lang='lat' dir='ltr'>non</span> <span class='ocrx_word' id='word_1_268' title='bbox 1332 2543 1447 2607; x_wconf 79' lang='lat' dir='ltr'>sepientis</span> 
     </span>
     <span class='ocr_line' id='line_1_26' title="bbox 349 2622 1447 2691; baseline -0.005 -13"><span class='ocrx_word' id='word_1_269' title='bbox 349 2627 435 2685; x_wconf 82' lang='lat' dir='ltr'>iecere,</span> <span class='ocrx_word' id='word_1_270' title='bbox 446 2642 499 2691; x_wconf 84' lang='lat' dir='ltr'>que</span> <span class='ocrx_word' id='word_1_271' title='bbox 509 2625 609 2684; x_wconf 80' lang='lat' dir='ltr'>ieeiunt,</span> <span class='ocrx_word' id='word_1_272' title='bbox 625 2626 667 2675; x_wconf 89' lang='lat' dir='ltr'>sed</span> <span class='ocrx_word' id='word_1_273' title='bbox 679 2633 761 2674; x_wconf 85' lang='lat' dir='ltr'>netum</span> <span class='ocrx_word' id='word_1_274' title='bbox 774 2626 884 2690; x_wconf 84' lang='lat' dir='ltr'>quedem,</span> <span class='ocrx_word' id='word_1_275' title='bbox 896 2640 924 2672; x_wconf 84' lang='lat' dir='ltr'>es</span> <span class='ocrx_word' id='word_1_276' title='bbox 936 2622 1017 2672; x_wconf 80' lang='lat' dir='ltr'>divine</span> <span class='ocrx_word' id='word_1_277' title='bbox 1027 2623 1099 2671; x_wconf 88' lang='lat' dir='ltr'>enimi</span> <span class='ocrx_word' id='word_1_278' title='bbox 1115 2622 1284 2679; x_wconf 86' lang='lat' dir='ltr'>concitetione,</span> <span class='ocrx_word' id='word_1_279' title='bbox 1294 2624 1447 2685; x_wconf 84' lang='lat' dir='ltr'>quemedmo·</span> 
     </span>
     <span class='ocr_line' id='line_1_27' title="bbox 349 2703 1446 2773; baseline -0.005 -16"><span class='ocrx_word' id='word_1_280' title='bbox 349 2709 405 2758; x_wconf 86' lang='lat' dir='ltr'>dum</span> <span class='ocrx_word' id='word_1_281' title='bbox 417 2716 442 2758; x_wconf 90' lang='lat' dir='ltr'>et</span> <span class='ocrx_word' id='word_1_282' title='bbox 452 2708 538 2773; x_wconf 64' lang='lat' dir='ltr'>niqui</span> <span class='ocrx_word' id='word_1_283' title='bbox 549 2708 630 2756; x_wconf 84' lang='lat' dir='ltr'>divino</span> <span class='ocrx_word' id='word_1_284' title='bbox 642 2707 718 2756; x_wconf 78' lang='lat' dir='ltr'>furore</span> <span class='ocrx_word' id='word_1_285' title='bbox 735 2707 807 2756; x_wconf 82' lang='lat' dir='ltr'>sideri</span> <span class='ocrx_word' id='word_1_286' title='bbox 824 2707 989 2755; x_wconf 85' lang='lat' dir='ltr'>retieinentnr.</span> <span class='ocrx_word' id='word_1_287' title='bbox 1005 2719 1060 2752; x_wconf 88' lang='lat' dir='ltr'>nrm</span> <span class='ocrx_word' id='word_1_288' title='bbox 1076 2711 1101 2752; x_wconf 90' lang='lat' dir='ltr'>et</span> <span class='ocrx_word' id='word_1_289' title='bbox 1116 2703 1141 2752; x_wconf 93' lang='lat' dir='ltr'>hi</span> <span class='ocrx_word' id='word_1_290' title='bbox 1157 2703 1231 2752; x_wconf 84' lang='lat' dir='ltr'>multe</span> <span class='ocrx_word' id='word_1_291' title='bbox 1246 2703 1343 2767; x_wconf 85' lang='lat' dir='ltr'>quidem</span> <span class='ocrx_word' id='word_1_292' title='bbox 1354 2703 1446 2761; x_wconf 85' lang='lat' dir='ltr'>dieunt,</span> 
     </span>
     <span class='ocr_line' id='line_1_28' title="bbox 349 2783 1446 2854; baseline -0.005 -16"><span class='ocrx_word' id='word_1_293' title='bbox 349 2798 420 2854; x_wconf 82' lang='lat' dir='ltr'>etque</span> <span class='ocrx_word' id='word_1_294' title='bbox 438 2789 565 2852; x_wconf 85' lang='lat' dir='ltr'>prreciere;</span> <span class='ocrx_word' id='word_1_295' title='bbox 582 2789 623 2837; x_wconf 91' lang='lat' dir='ltr'>sed</span> <span class='ocrx_word' id='word_1_296' title='bbox 642 2803 723 2837; x_wconf 88' lang='lat' dir='ltr'>eorum</span> <span class='ocrx_word' id='word_1_297' title='bbox 742 2803 796 2853; x_wconf 84' lang='lat' dir='ltr'>ques</span> <span class='ocrx_word' id='word_1_298' title='bbox 814 2788 907 2845; x_wconf 89' lang='lat' dir='ltr'>dicunt,</span> <span class='ocrx_word' id='word_1_299' title='bbox 925 2784 984 2834; x_wconf 87' lang='lat' dir='ltr'>nihii</span> <span class='ocrx_word' id='word_1_300' title='bbox 1002 2785 1148 2848; x_wconf 82' lang='lat' dir='ltr'>intelligunt.</span> <span class='ocrx_word' id='word_1_301' title='bbox 1181 2783 1235 2832; x_wconf 88' lang='lat' dir='ltr'>Teii</span> <span class='ocrx_word' id='word_1_302' title='bbox 1252 2785 1356 2847; x_wconf 88' lang='lat' dir='ltr'>quodem</span> <span class='ocrx_word' id='word_1_303' title='bbox 1377 2794 1446 2848; x_wconf 89' lang='lat' dir='ltr'>pecte</span> 
     </span>
     <span class='ocr_line' id='line_1_29' title="bbox 349 2863 1447 2932; baseline 0.001 -18"><span class='ocrx_word' id='word_1_304' title='bbox 349 2877 427 2932; x_wconf 81' lang='lat' dir='ltr'>poete</span> <span class='ocrx_word' id='word_1_305' title='bbox 438 2867 517 2916; x_wconf 79' lang='lat' dir='ltr'>effecti</span> <span class='ocrx_word' id='word_1_306' title='bbox 528 2868 601 2916; x_wconf 77' lang='lat' dir='ltr'>tuisse</span> <span class='ocrx_word' id='word_1_307' title='bbox 611 2867 668 2917; x_wconf 86' lang='lat' dir='ltr'>mihi</span> <span class='ocrx_word' id='word_1_308' title='bbox 680 2869 805 2916; x_wconf 82' lang='lat' dir='ltr'>ridentur:</span> <span class='ocrx_word' id='word_1_309' title='bbox 822 2877 847 2918; x_wconf 91' lang='lat' dir='ltr'>et</span> <span class='ocrx_word' id='word_1_310' title='bbox 857 2868 926 2916; x_wconf 88' lang='lat' dir='ltr'>simui</span> <span class='ocrx_word' id='word_1_311' title='bbox 939 2866 1101 2921; x_wconf 81' lang='lat' dir='ltr'>enimedrerti.</span> <span class='ocrx_word' id='word_1_312' title='bbox 1116 2881 1158 2914; x_wconf 89' lang='lat' dir='ltr'>eos</span> <span class='ocrx_word' id='word_1_313' title='bbox 1167 2863 1192 2913; x_wconf 91' lang='lat' dir='ltr'>in</span> <span class='ocrx_word' id='word_1_314' title='bbox 1205 2864 1258 2913; x_wconf 88' lang='lat' dir='ltr'>eiiie</span> <span class='ocrx_word' id='word_1_315' title='bbox 1268 2879 1365 2930; x_wconf 84' lang='lat' dir='ltr'>quoque</span> <span class='ocrx_word' id='word_1_316' title='bbox 1376 2883 1447 2930; x_wconf 90' lang='lat' dir='ltr'>prop·</span> 
     </span>
     <span class='ocr_line' id='line_1_30' title="bbox 348 2945 1447 3013; baseline 0.001 -19"><span class='ocrx_word' id='word_1_317' title='bbox 348 2955 386 2996; x_wconf 89' lang='lat' dir='ltr'>ter</span> <span class='ocrx_word' id='word_1_318' title='bbox 395 2948 478 3010; x_wconf 86' lang='lat' dir='ltr'>poesin</span> <span class='ocrx_word' id='word_1_319' title='bbox 489 2948 592 2995; x_wconf 87' lang='lat' dir='ltr'>omnium</span> <span class='ocrx_word' id='word_1_320' title='bbox 604 2963 629 2996; x_wconf 93' lang='lat' dir='ltr'>ee</span> <span class='ocrx_word' id='word_1_321' title='bbox 641 2948 827 3011; x_wconf 73' lang='lat' dir='ltr'>sapientissimos</span> <span class='ocrx_word' id='word_1_322' title='bbox 835 2949 953 3013; x_wconf 84' lang='lat' dir='ltr'>judieere,</span> <span class='ocrx_word' id='word_1_323' title='bbox 968 2949 993 2997; x_wconf 89' lang='lat' dir='ltr'>in</span> <span class='ocrx_word' id='word_1_324' title='bbox 1005 2947 1092 3011; x_wconf 90' lang='lat' dir='ltr'>quibus</span> <span class='ocrx_word' id='word_1_325' title='bbox 1103 2962 1151 2996; x_wconf 86' lang='lat' dir='ltr'>non</span> <span class='ocrx_word' id='word_1_326' title='bbox 1162 2952 1217 2994; x_wconf 91' lang='lat' dir='ltr'>eunt</span> <span class='ocrx_word' id='word_1_327' title='bbox 1227 2945 1356 3010; x_wconf 87' lang='lat' dir='ltr'>sepientes.</span> <span class='ocrx_word' id='word_1_328' title='bbox 1390 2947 1447 2995; x_wconf 89' lang='lat' dir='ltr'>Abii</span> 
     </span>
     <span class='ocr_line' id='line_1_31' title="bbox 349 3025 1447 3094; baseline 0.001 -19"><span class='ocrx_word' id='word_1_329' title='bbox 349 3043 406 3090; x_wconf 75' lang='lat' dir='ltr'>erqo</span> <span class='ocrx_word' id='word_1_330' title='bbox 416 3035 442 3074; x_wconf 93' lang='lat' dir='ltr'>et</span> <span class='ocrx_word' id='word_1_331' title='bbox 451 3025 506 3076; x_wconf 85' lang='lat' dir='ltr'>hinc</span> <span class='ocrx_word' id='word_1_332' title='bbox 518 3027 601 3074; x_wconf 87' lang='lat' dir='ltr'>eedem</span> <span class='ocrx_word' id='word_1_333' title='bbox 613 3027 709 3076; x_wconf 87' lang='lat' dir='ltr'>omnino</span> <span class='ocrx_word' id='word_1_334' title='bbox 727 3030 853 3092; x_wconf 89' lang='lat' dir='ltr'>sententie,</span> <span class='ocrx_word' id='word_1_335' title='bbox 869 3045 916 3094; x_wconf 90' lang='lat' dir='ltr'>qne</span> <span class='ocrx_word' id='word_1_336' title='bbox 935 3036 960 3078; x_wconf 90' lang='lat' dir='ltr'>et</span> <span class='ocrx_word' id='word_1_337' title='bbox 974 3046 990 3078; x_wconf 91' lang='lat' dir='ltr'>e</span> <span class='ocrx_word' id='word_1_338' title='bbox 1000 3027 1109 3078; x_wconf 89' lang='lat' dir='ltr'>ciriiihns</span> <span class='ocrx_word' id='word_1_339' title='bbox 1125 3027 1180 3076; x_wconf 81' lang='lat' dir='ltr'>viris</span> <span class='ocrx_word' id='word_1_340' title='bbox 1196 3025 1308 3076; x_wconf 81' lang='lat' dir='ltr'>ehierem.</span> <span class='ocrx_word' id='word_1_341' title='bbox 1340 3027 1447 3076; x_wconf 84' lang='lat' dir='ltr'>Tendere</span> 
     </span>
    </p>
   </div>
   <div class='ocr_carea' id='block_1_7' title="bbox 349 3097 1572 3174">
    <p class='ocr_par' dir='ltr' id='par_1_7' title="bbox 349 3097 1572 3174">
     <span class='ocr_line' id='line_1_32' title="bbox 349 3097 1572 3174; baseline 0.002 -20"><span class='ocrx_word' id='word_1_342' title='bbox 349 3107 725 3169; x_wconf 78' lang='lat' dir='ltr'>seromeedertihceseontuii3</span> <span class='ocrx_word' id='word_1_343' title='bbox 742 3109 856 3174; x_wconf 80' lang='lat' dir='ltr'>mihiipsi</span> <span class='ocrx_word' id='word_1_344' title='bbox 868 3110 985 3168; x_wconf 62' lang='lat' dir='ltr'>unumne,</span> <span class='ocrx_word' id='word_1_345' title='bbox 997 3109 1125 3162; x_wconf 67' lang='lat' dir='ltr'>mentite</span> <span class='ocrx_word' id='word_1_346' title='bbox 1137 3108 1228 3172; x_wconf 84' lang='lat' dir='ltr'>loquer,</span> <span class='ocrx_word' id='word_1_347' title='bbox 1240 3107 1446 3158; x_wconf 81' lang='lat' dir='ltr'>inertiheiienihii</span> <span class='ocrx_word' id='word_1_348' title='bbox 1541 3127 1546 3138; x_wconf 67' lang='grc'><strong>’</strong></span> <span class='ocrx_word' id='word_1_349' title='bbox 1571 3097 1572 3132; x_wconf 56' lang='lat'>³</span> 
     </span>
    </p>
   </div>
   <div class='ocr_carea' id='block_1_8' title="bbox 343 3187 1448 4624">
    <p class='ocr_par' dir='ltr' id='par_1_8' title="bbox 343 3187 1448 4624">
     <span class='ocr_line' id='line_1_33' title="bbox 348 3187 1447 3254; baseline 0 -16"><span class='ocrx_word' id='word_1_350' title='bbox 348 3187 425 3250; x_wconf 76' lang='lat' dir='ltr'>scire5</span> <span class='ocrx_word' id='word_1_351' title='bbox 440 3188 574 3238; x_wconf 76' lang='lat' dir='ltr'>nocentem</span> <span class='ocrx_word' id='word_1_352' title='bbox 585 3203 695 3238; x_wconf 77' lang='lat' dir='ltr'>nocerem</span> <span class='ocrx_word' id='word_1_353' title='bbox 707 3189 781 3237; x_wconf 86' lang='lat' dir='ltr'>multe</span> <span class='ocrx_word' id='word_1_354' title='bbox 791 3197 816 3238; x_wconf 92' lang='lat' dir='ltr'>et</span> <span class='ocrx_word' id='word_1_355' title='bbox 828 3191 925 3254; x_wconf 83' lang='lat' dir='ltr'>pulchre</span> <span class='ocrx_word' id='word_1_356' title='bbox 936 3192 1013 3240; x_wconf 78' lang='lat' dir='ltr'>scires</span> <span class='ocrx_word' id='word_1_357' title='bbox 1029 3205 1107 3254; x_wconf 90' lang='lat' dir='ltr'>neque</span> <span class='ocrx_word' id='word_1_358' title='bbox 1118 3190 1144 3238; x_wconf 86' lang='lat' dir='ltr'>in</span> <span class='ocrx_word' id='word_1_359' title='bbox 1154 3190 1199 3238; x_wconf 83' lang='lat' dir='ltr'>hoo</span> <span class='ocrx_word' id='word_1_360' title='bbox 1210 3189 1319 3254; x_wconf 86' lang='lat' dir='ltr'>equidem</span> <span class='ocrx_word' id='word_1_361' title='bbox 1331 3189 1447 3253; x_wconf 87' lang='lat' dir='ltr'>deeeptus</span> 
     </span>
     <span class='ocr_line' id='line_1_34' title="bbox 348 3267 1448 3334; baseline 0.002 -16"><span class='ocrx_word' id='word_1_362' title='bbox 348 3285 409 3318; x_wconf 83' lang='lat' dir='ltr'>eum.</span> <span class='ocrx_word' id='word_1_363' title='bbox 425 3269 531 3318; x_wconf 87' lang='lat' dir='ltr'>eciebent</span> <span class='ocrx_word' id='word_1_364' title='bbox 541 3270 613 3334; x_wconf 86' lang='lat' dir='ltr'>enirn,</span> <span class='ocrx_word' id='word_1_365' title='bbox 633 3285 686 3334; x_wconf 79' lang='lat' dir='ltr'>qun</span> <span class='ocrx_word' id='word_1_366' title='bbox 702 3269 754 3334; x_wconf 86' lang='lat' dir='ltr'>ipse</span> <span class='ocrx_word' id='word_1_367' title='bbox 771 3270 915 3334; x_wconf 73' lang='lat' dir='ltr'>nesciebam,</span> <span class='ocrx_word' id='word_1_368' title='bbox 933 3279 957 3320; x_wconf 87' lang='lat' dir='ltr'>et</span> <span class='ocrx_word' id='word_1_369' title='bbox 973 3271 1017 3318; x_wconf 88' lang='lat' dir='ltr'>hec</span> <span class='ocrx_word' id='word_1_370' title='bbox 1033 3270 1058 3318; x_wconf 90' lang='lat' dir='ltr'>in</span> <span class='ocrx_word' id='word_1_371' title='bbox 1077 3277 1142 3334; x_wconf 90' lang='lat' dir='ltr'>perte</span> <span class='ocrx_word' id='word_1_372' title='bbox 1161 3285 1197 3318; x_wconf 88' lang='lat' dir='ltr'>me</span> <span class='ocrx_word' id='word_1_373' title='bbox 1207 3267 1359 3332; x_wconf 87' lang='lat' dir='ltr'>sepientioree</span> <span class='ocrx_word' id='word_1_374' title='bbox 1370 3278 1448 3320; x_wconf 81' lang='lat' dir='ltr'>erent.</span> 
     </span>
     <span class='ocr_line' id='line_1_35' title="bbox 347 3346 1446 3416; baseline 0.001 -18"><span class='ocrx_word' id='word_1_375' title='bbox 347 3346 406 3408; x_wconf 81' lang='lat' dir='ltr'>Sed,</span> <span class='ocrx_word' id='word_1_376' title='bbox 415 3366 430 3398; x_wconf 92' lang='lat' dir='ltr'>o</span> <span class='ocrx_word' id='word_1_377' title='bbox 440 3350 483 3398; x_wconf 85' lang='lat' dir='ltr'>viri</span> <span class='ocrx_word' id='word_1_378' title='bbox 497 3349 663 3407; x_wconf 79' lang='lat' dir='ltr'>Athenienses,</span> <span class='ocrx_word' id='word_1_379' title='bbox 673 3351 697 3398; x_wconf 90' lang='lat' dir='ltr'>in</span> <span class='ocrx_word' id='word_1_380' title='bbox 708 3351 792 3400; x_wconf 87' lang='lat' dir='ltr'>eodem</span> <span class='ocrx_word' id='word_1_381' title='bbox 803 3367 887 3408; x_wconf 88' lang='lat' dir='ltr'>errore,</span> <span class='ocrx_word' id='word_1_382' title='bbox 899 3367 947 3416; x_wconf 87' lang='lat' dir='ltr'>qno</span> <span class='ocrx_word' id='word_1_383' title='bbox 955 3359 980 3400; x_wconf 90' lang='lat' dir='ltr'>et</span> <span class='ocrx_word' id='word_1_384' title='bbox 988 3357 1080 3415; x_wconf 86' lang='lat' dir='ltr'>poetes,</span> <span class='ocrx_word' id='word_1_385' title='bbox 1091 3350 1178 3414; x_wconf 83' lang='lat' dir='ltr'>peritos</span> <span class='ocrx_word' id='word_1_386' title='bbox 1183 3349 1280 3398; x_wconf 75' lang='lat' dir='ltr'>utinm</span> <span class='ocrx_word' id='word_1_387' title='bbox 1287 3349 1446 3412; x_wconf 85' lang='lat' dir='ltr'>deprehendi.</span> 
     </span>
     <span class='ocr_line' id='line_1_36' title="bbox 347 3429 1447 3496; baseline 0.003 -18"><span class='ocrx_word' id='word_1_388' title='bbox 347 3445 402 3479; x_wconf 88' lang='lat' dir='ltr'>nem</span> <span class='ocrx_word' id='word_1_389' title='bbox 422 3431 453 3479; x_wconf 88' lang='lat' dir='ltr'>ob</span> <span class='ocrx_word' id='word_1_390' title='bbox 471 3431 516 3479; x_wconf 88' lang='lat' dir='ltr'>hoc</span> <span class='ocrx_word' id='word_1_391' title='bbox 536 3429 624 3494; x_wconf 88' lang='lat' dir='ltr'>ipsum,</span> <span class='ocrx_word' id='word_1_392' title='bbox 643 3433 707 3496; x_wconf 94' lang='lat' dir='ltr'>quod</span> <span class='ocrx_word' id='word_1_393' title='bbox 719 3447 762 3480; x_wconf 92' lang='lat' dir='ltr'>sue</span> <span class='ocrx_word' id='word_1_394' title='bbox 778 3431 822 3480; x_wconf 85' lang='lat' dir='ltr'>rite</span> <span class='ocrx_word' id='word_1_395' title='bbox 837 3432 1003 3495; x_wconf 76' lang='lat' dir='ltr'>perficiebant,</span> <span class='ocrx_word' id='word_1_396' title='bbox 1020 3431 1182 3495; x_wconf 89' lang='lat' dir='ltr'>unusquisque</span> <span class='ocrx_word' id='word_1_397' title='bbox 1193 3446 1272 3480; x_wconf 87' lang='lat' dir='ltr'>eorum</span> <span class='ocrx_word' id='word_1_398' title='bbox 1282 3446 1307 3478; x_wconf 91' lang='lat' dir='ltr'>se</span> <span class='ocrx_word' id='word_1_399' title='bbox 1323 3429 1349 3476; x_wconf 90' lang='lat' dir='ltr'>in</span> <span class='ocrx_word' id='word_1_400' title='bbox 1359 3430 1447 3480; x_wconf 85' lang='lat' dir='ltr'>ceteris</span> 
     </span>
     <span class='ocr_line' id='line_1_37' title="bbox 346 3510 1447 3578; baseline 0.002 -20"><span class='ocrx_word' id='word_1_401' title='bbox 346 3526 443 3574; x_wconf 88' lang='lat' dir='ltr'>qnoque</span> <span class='ocrx_word' id='word_1_402' title='bbox 455 3510 491 3559; x_wconf 87' lang='lat' dir='ltr'>rei</span> <span class='ocrx_word' id='word_1_403' title='bbox 503 3512 608 3560; x_wconf 74' lang='lat' dir='ltr'>menimis</span> <span class='ocrx_word' id='word_1_404' title='bbox 620 3512 820 3576; x_wconf 73' lang='lat' dir='ltr'>sapientissimum</span> <span class='ocrx_word' id='word_1_405' title='bbox 831 3529 882 3562; x_wconf 89' lang='lat' dir='ltr'>esee</span> <span class='ocrx_word' id='word_1_406' title='bbox 893 3514 1003 3578; x_wconf 88' lang='lat' dir='ltr'>putehet.</span> <span class='ocrx_word' id='word_1_407' title='bbox 1036 3511 1113 3576; x_wconf 85' lang='lat' dir='ltr'>Atqui</span> <span class='ocrx_word' id='word_1_408' title='bbox 1130 3513 1168 3561; x_wconf 88' lang='lat' dir='ltr'>hie</span> <span class='ocrx_word' id='word_1_409' title='bbox 1185 3527 1246 3561; x_wconf 86' lang='lat' dir='ltr'>error</span> <span class='ocrx_word' id='word_1_410' title='bbox 1260 3511 1322 3560; x_wconf 82' lang='lat' dir='ltr'>illem</span> <span class='ocrx_word' id='word_1_411' title='bbox 1339 3527 1447 3576; x_wconf 88' lang='lat' dir='ltr'>queque,</span> 
     </span>
     <span class='ocr_line' id='line_1_38' title="bbox 346 3590 1446 3656; baseline 0.002 -18"><span class='ocrx_word' id='word_1_412' title='bbox 346 3605 401 3655; x_wconf 75' lang='lat' dir='ltr'>qne</span> <span class='ocrx_word' id='word_1_413' title='bbox 412 3590 470 3653; x_wconf 89' lang='lat' dir='ltr'>ipsis</span> <span class='ocrx_word' id='word_1_414' title='bbox 481 3591 564 3648; x_wconf 88' lang='lat' dir='ltr'>iueret,</span> <span class='ocrx_word' id='word_1_415' title='bbox 575 3591 714 3655; x_wconf 83' lang='lat' dir='ltr'>sepientiern</span> <span class='ocrx_word' id='word_1_416' title='bbox 725 3591 866 3642; x_wconf 78' lang='lat' dir='ltr'>offuscebet.</span> <span class='ocrx_word' id='word_1_417' title='bbox 900 3593 1070 3650; x_wconf 82' lang='lat' dir='ltr'>Quernobrem,</span> <span class='ocrx_word' id='word_1_418' title='bbox 1080 3592 1100 3640; x_wconf 90' lang='lat' dir='ltr'>si</span> <span class='ocrx_word' id='word_1_419' title='bbox 1111 3593 1225 3656; x_wconf 81' lang='lat' dir='ltr'>meipsum</span> <span class='ocrx_word' id='word_1_420' title='bbox 1242 3591 1330 3640; x_wconf 82' lang='lat' dir='ltr'>orscuii</span> <span class='ocrx_word' id='word_1_421' title='bbox 1343 3593 1397 3641; x_wconf 89' lang='lat' dir='ltr'>ioco</span> <span class='ocrx_word' id='word_1_422' title='bbox 1408 3591 1446 3640; x_wconf 86' lang='lat' dir='ltr'>in·</span> 
     </span>
     <span class='ocr_line' id='line_1_39' title="bbox 346 3671 1444 3738; baseline 0.005 -22"><span class='ocrx_word' id='word_1_423' title='bbox 346 3677 494 3732; x_wconf 71' lang='lat' dir='ltr'>terroperern,</span> <span class='ocrx_word' id='word_1_424' title='bbox 512 3678 588 3718; x_wconf 86' lang='lat' dir='ltr'>utrum</span> <span class='ocrx_word' id='word_1_425' title='bbox 606 3671 700 3736; x_wconf 76' lang='lat' dir='ltr'>eligens,</span> <span class='ocrx_word' id='word_1_426' title='bbox 715 3673 779 3722; x_wconf 88' lang='lat' dir='ltr'>itene</span> <span class='ocrx_word' id='word_1_427' title='bbox 798 3689 835 3724; x_wconf 90' lang='lat' dir='ltr'>rne</span> <span class='ocrx_word' id='word_1_428' title='bbox 851 3675 946 3732; x_wconf 81' lang='lat' dir='ltr'>hnhere,</span> <span class='ocrx_word' id='word_1_429' title='bbox 965 3682 993 3722; x_wconf 90' lang='lat' dir='ltr'>ut</span> <span class='ocrx_word' id='word_1_430' title='bbox 1008 3675 1094 3730; x_wconf 85' lang='lat' dir='ltr'>heheu,</span> <span class='ocrx_word' id='word_1_431' title='bbox 1106 3673 1218 3722; x_wconf 81' lang='lat' dir='ltr'>videlicet</span> <span class='ocrx_word' id='word_1_432' title='bbox 1234 3689 1313 3738; x_wconf 89' lang='lat' dir='ltr'>neque</span> <span class='ocrx_word' id='word_1_433' title='bbox 1330 3674 1444 3724; x_wconf 79' lang='lat' dir='ltr'>scientem</span> 
     </span>
     <span class='ocr_line' id='line_1_40' title="bbox 346 3747 1445 3819; baseline 0.005 -23"><span class='ocrx_word' id='word_1_434' title='bbox 346 3764 402 3814; x_wconf 78' lang='lat' dir='ltr'>que</span> <span class='ocrx_word' id='word_1_435' title='bbox 413 3748 449 3796; x_wconf 89' lang='lat' dir='ltr'>ilii</span> <span class='ocrx_word' id='word_1_436' title='bbox 459 3747 546 3806; x_wconf 88' lang='lat' dir='ltr'>sciunt,</span> <span class='ocrx_word' id='word_1_437' title='bbox 553 3765 631 3813; x_wconf 87' lang='lat' dir='ltr'>neque</span> <span class='ocrx_word' id='word_1_438' title='bbox 642 3765 717 3800; x_wconf 90' lang='lat' dir='ltr'>meem</span> <span class='ocrx_word' id='word_1_439' title='bbox 729 3753 846 3802; x_wconf 87' lang='lat' dir='ltr'>inscitiern</span> <span class='ocrx_word' id='word_1_440' title='bbox 857 3755 1021 3818; x_wconf 77' lang='lat' dir='ltr'>ignorenteru;</span> <span class='ocrx_word' id='word_1_441' title='bbox 1037 3770 1068 3802; x_wconf 89' lang='lat' dir='ltr'>en</span> <span class='ocrx_word' id='word_1_442' title='bbox 1086 3763 1182 3819; x_wconf 86' lang='lat' dir='ltr'>utreque</span> <span class='ocrx_word' id='word_1_443' title='bbox 1194 3755 1329 3816; x_wconf 85' lang='lat' dir='ltr'>hebentern,</span> <span class='ocrx_word' id='word_1_444' title='bbox 1345 3771 1401 3819; x_wconf 72' lang='lat' dir='ltr'>que</span> <span class='ocrx_word' id='word_1_445' title='bbox 1412 3755 1445 3802; x_wconf 88' lang='lat' dir='ltr'>iiii</span> 
     </span>
     <span class='ocr_line' id='line_1_41' title="bbox 350 3831 1446 3900; baseline 0.004 -20"><span class='ocrx_word' id='word_1_446' title='bbox 350 3831 440 3880; x_wconf 87' lang='lat' dir='ltr'>hebent</span> <span class='ocrx_word' id='word_1_447' title='bbox 453 3847 459 3878; x_wconf 77' lang='lat' dir='ltr'>z</span> <span class='ocrx_word' id='word_1_448' title='bbox 477 3831 641 3894; x_wconf 83' lang='lat' dir='ltr'>responderem</span> <span class='ocrx_word' id='word_1_449' title='bbox 652 3833 724 3896; x_wconf 85' lang='lat' dir='ltr'>plene</span> <span class='ocrx_word' id='word_1_450' title='bbox 734 3833 792 3881; x_wconf 90' lang='lat' dir='ltr'>ruihi</span> <span class='ocrx_word' id='word_1_451' title='bbox 803 3835 847 3899; x_wconf 89' lang='lat' dir='ltr'>ipsi</span> <span class='ocrx_word' id='word_1_452' title='bbox 859 3835 928 3884; x_wconf 87' lang='lat' dir='ltr'>simul</span> <span class='ocrx_word' id='word_1_453' title='bbox 940 3844 1012 3900; x_wconf 90' lang='lat' dir='ltr'>etque</span> <span class='ocrx_word' id='word_1_454' title='bbox 1022 3835 1126 3892; x_wconf 77' lang='lat' dir='ltr'>omento,</span> <span class='ocrx_word' id='word_1_455' title='bbox 1145 3843 1263 3899; x_wconf 78' lang='lat' dir='ltr'>prestere,</span> <span class='ocrx_word' id='word_1_456' title='bbox 1278 3835 1313 3884; x_wconf 86' lang='lat' dir='ltr'>ite</span> <span class='ocrx_word' id='word_1_457' title='bbox 1327 3844 1356 3883; x_wconf 89' lang='lat' dir='ltr'>ut</span> <span class='ocrx_word' id='word_1_458' title='bbox 1371 3835 1446 3884; x_wconf 81' lang='lat' dir='ltr'>hebes</span> 
     </span>
     <span class='ocr_line' id='line_1_42' title="bbox 346 3909 1444 3978; baseline 0.004 -19"><span class='ocrx_word' id='word_1_459' title='bbox 346 3927 384 3959; x_wconf 90' lang='lat' dir='ltr'>me</span> <span class='ocrx_word' id='word_1_460' title='bbox 401 3912 496 3960; x_wconf 88' lang='lat' dir='ltr'>hebere.</span> <span class='ocrx_word' id='word_1_461' title='bbox 529 3909 570 3959; x_wconf 89' lang='lat' dir='ltr'>Ob</span> <span class='ocrx_word' id='word_1_462' title='bbox 581 3911 641 3960; x_wconf 87' lang='lat' dir='ltr'>hnnc</span> <span class='ocrx_word' id='word_1_463' title='bbox 660 3912 742 3976; x_wconf 90' lang='lat' dir='ltr'>utique</span> <span class='ocrx_word' id='word_1_464' title='bbox 753 3911 928 3977; x_wconf 80' lang='lat' dir='ltr'>inquisitionem</span> <span class='ocrx_word' id='word_1_465' title='bbox 950 3931 1034 3974; x_wconf 83' lang='lat' dir='ltr'>neem,</span> <span class='ocrx_word' id='word_1_466' title='bbox 1050 3915 1118 3962; x_wconf 91' lang='lat' dir='ltr'>oriri</span> <span class='ocrx_word' id='word_1_467' title='bbox 1134 3913 1302 3978; x_wconf 86' lang='lat' dir='ltr'>Athenienses,</span> <span class='ocrx_word' id='word_1_468' title='bbox 1316 3914 1444 3963; x_wconf 79' lang='lat' dir='ltr'>inimicitie</span> 
     </span>
     <span class='ocr_line' id='line_1_43' title="bbox 345 3991 1444 4060; baseline 0.002 -20"><span class='ocrx_word' id='word_1_469' title='bbox 345 3993 425 4041; x_wconf 75' lang='lat' dir='ltr'>multe</span> <span class='ocrx_word' id='word_1_470' title='bbox 444 3992 586 4042; x_wconf 79' lang='lat' dir='ltr'>difficillimis</span> <span class='ocrx_word' id='word_1_471' title='bbox 604 3991 661 4058; x_wconf 72' lang='lat' dir='ltr'>[ii]</span> <span class='ocrx_word' id='word_1_472' title='bbox 679 4001 750 4058; x_wconf 91' lang='lat' dir='ltr'>etque</span> <span class='ocrx_word' id='word_1_473' title='bbox 769 3996 909 4058; x_wconf 77' lang='lat' dir='ltr'>qrerissirun</span> <span class='ocrx_word' id='word_1_474' title='bbox 928 3997 1038 4046; x_wconf 84' lang='lat' dir='ltr'>ndrersne</span> <span class='ocrx_word' id='word_1_475' title='bbox 1058 4012 1095 4044; x_wconf 88' lang='lat' dir='ltr'>me</span> <span class='ocrx_word' id='word_1_476' title='bbox 1114 4003 1200 4044; x_wconf 76' lang='lat' dir='ltr'>coortis</span> <span class='ocrx_word' id='word_1_477' title='bbox 1220 4003 1293 4055; x_wconf 85' lang='lat' dir='ltr'>eunt;</span> <span class='ocrx_word' id='word_1_478' title='bbox 1309 4011 1339 4044; x_wconf 88' lang='lat' dir='ltr'>er</span> <span class='ocrx_word' id='word_1_479' title='bbox 1358 3994 1444 4060; x_wconf 87' lang='lat' dir='ltr'>quihus</span> 
     </span>
     <span class='ocr_line' id='line_1_44' title="bbox 344 4073 1443 4140; baseline 0 -18"><span class='ocrx_word' id='word_1_480' title='bbox 344 4073 424 4122; x_wconf 74' lang='lat' dir='ltr'>multe</span> <span class='ocrx_word' id='word_1_481' title='bbox 435 4073 623 4122; x_wconf 84' lang='lat' dir='ltr'>sunteeiunrnies</span> <span class='ocrx_word' id='word_1_482' title='bbox 642 4081 785 4126; x_wconf 77' lang='lat' dir='ltr'>consecute.</span> <span class='ocrx_word' id='word_1_483' title='bbox 818 4074 913 4124; x_wconf 85' lang='lat' dir='ltr'>Nomen</span> <span class='ocrx_word' id='word_1_484' title='bbox 925 4091 979 4124; x_wconf 92' lang='lat' dir='ltr'>rero</span> <span class='ocrx_word' id='word_1_485' title='bbox 995 4075 1111 4140; x_wconf 81' lang='lat' dir='ltr'>sepientis</span> <span class='ocrx_word' id='word_1_486' title='bbox 1130 4075 1186 4123; x_wconf 85' lang='lat' dir='ltr'>mihi</span> <span class='ocrx_word' id='word_1_487' title='bbox 1204 4085 1329 4140; x_wconf 89' lang='lat' dir='ltr'>propteree</span> <span class='ocrx_word' id='word_1_488' title='bbox 1339 4083 1443 4124; x_wconf 77' lang='lat' dir='ltr'>erortun</span> 
     </span>
     <span class='ocr_line' id='line_1_45' title="bbox 343 4154 1444 4220; baseline -0.001 -16"><span class='ocrx_word' id='word_1_489' title='bbox 343 4163 389 4219; x_wconf 87' lang='lat' dir='ltr'>eet,</span> <span class='ocrx_word' id='word_1_490' title='bbox 400 4154 466 4218; x_wconf 88' lang='lat' dir='ltr'>qnod</span> <span class='ocrx_word' id='word_1_491' title='bbox 478 4162 605 4218; x_wconf 78' lang='lat' dir='ltr'>presentes</span> <span class='ocrx_word' id='word_1_492' title='bbox 616 4154 741 4217; x_wconf 81' lang='lat' dir='ltr'>plurimum</span> <span class='ocrx_word' id='word_1_493' title='bbox 752 4156 795 4203; x_wconf 88' lang='lat' dir='ltr'>ille</span> <span class='ocrx_word' id='word_1_494' title='bbox 805 4173 842 4206; x_wconf 86' lang='lat' dir='ltr'>rue</span> <span class='ocrx_word' id='word_1_495' title='bbox 852 4163 938 4220; x_wconf 88' lang='lat' dir='ltr'>putent</span> <span class='ocrx_word' id='word_1_496' title='bbox 944 4157 1012 4213; x_wconf 88' lang='lat' dir='ltr'>scire,</span> <span class='ocrx_word' id='word_1_497' title='bbox 1021 4158 1045 4204; x_wconf 90' lang='lat' dir='ltr'>irr</span> <span class='ocrx_word' id='word_1_498' title='bbox 1054 4157 1141 4220; x_wconf 85' lang='lat' dir='ltr'>quibus</span> <span class='ocrx_word' id='word_1_499' title='bbox 1149 4155 1209 4205; x_wconf 85' lang='lat' dir='ltr'>eiius</span> <span class='ocrx_word' id='word_1_500' title='bbox 1217 4155 1306 4206; x_wconf 77' lang='lat' dir='ltr'>reieiio.</span> <span class='ocrx_word' id='word_1_501' title='bbox 1341 4155 1444 4206; x_wconf 88' lang='lat' dir='ltr'>Videtur</span> 
     </span>
     <span class='ocr_line' id='line_1_46' title="bbox 343 4234 1443 4302; baseline 0.002 -20"><span class='ocrx_word' id='word_1_502' title='bbox 343 4242 431 4290; x_wconf 85' lang='lat' dir='ltr'>entem,</span> <span class='ocrx_word' id='word_1_503' title='bbox 442 4250 458 4282; x_wconf 93' lang='lat' dir='ltr'>o</span> <span class='ocrx_word' id='word_1_504' title='bbox 468 4235 510 4283; x_wconf 85' lang='lat' dir='ltr'>riri</span> <span class='ocrx_word' id='word_1_505' title='bbox 522 4234 688 4292; x_wconf 84' lang='lat' dir='ltr'>Athenienses,</span> <span class='ocrx_word' id='word_1_506' title='bbox 700 4251 778 4284; x_wconf 81' lang='lat' dir='ltr'>serere</span> <span class='ocrx_word' id='word_1_507' title='bbox 794 4237 858 4286; x_wconf 85' lang='lat' dir='ltr'>solus</span> <span class='ocrx_word' id='word_1_508' title='bbox 867 4238 926 4286; x_wconf 89' lang='lat' dir='ltr'>dens</span> <span class='ocrx_word' id='word_1_509' title='bbox 938 4238 1034 4302; x_wconf 86' lang='lat' dir='ltr'>sepiens</span> <span class='ocrx_word' id='word_1_510' title='bbox 1044 4253 1113 4298; x_wconf 84' lang='lat' dir='ltr'>eese;</span> <span class='ocrx_word' id='word_1_511' title='bbox 1129 4245 1200 4301; x_wconf 86' lang='lat' dir='ltr'>etque</span> <span class='ocrx_word' id='word_1_512' title='bbox 1218 4236 1244 4284; x_wconf 89' lang='lat' dir='ltr'>in</span> <span class='ocrx_word' id='word_1_513' title='bbox 1255 4237 1301 4284; x_wconf 88' lang='lat' dir='ltr'>hoc</span> <span class='ocrx_word' id='word_1_514' title='bbox 1311 4237 1408 4286; x_wconf 89' lang='lat' dir='ltr'>orecnlu</span> <span class='ocrx_word' id='word_1_515' title='bbox 1418 4235 1443 4284; x_wconf 89' lang='lat' dir='ltr'>id</span> 
     </span>
     <span class='ocr_line' id='line_1_47' title="bbox 343 4313 1444 4383; baseline 0.002 -21"><span class='ocrx_word' id='word_1_516' title='bbox 343 4314 388 4362; x_wconf 92' lang='lat' dir='ltr'>sihi</span> <span class='ocrx_word' id='word_1_517' title='bbox 399 4313 469 4376; x_wconf 84' lang='lat' dir='ltr'>reite,</span> <span class='ocrx_word' id='word_1_518' title='bbox 479 4317 603 4364; x_wconf 87' lang='lat' dir='ltr'>hnmenern</span> <span class='ocrx_word' id='word_1_519' title='bbox 615 4317 726 4365; x_wconf 86' lang='lat' dir='ltr'>rideiieet</span> <span class='ocrx_word' id='word_1_520' title='bbox 738 4317 878 4382; x_wconf 86' lang='lat' dir='ltr'>sepientiem</span> <span class='ocrx_word' id='word_1_521' title='bbox 890 4319 964 4382; x_wconf 83' lang='lat' dir='ltr'>perri,</span> <span class='ocrx_word' id='word_1_522' title='bbox 979 4319 1052 4366; x_wconf 89' lang='lat' dir='ltr'>irnmo</span> <span class='ocrx_word' id='word_1_523' title='bbox 1064 4318 1130 4367; x_wconf 85' lang='lat' dir='ltr'>nihili</span> <span class='ocrx_word' id='word_1_524' title='bbox 1142 4318 1294 4383; x_wconf 80' lang='lat' dir='ltr'>pendendum</span> <span class='ocrx_word' id='word_1_525' title='bbox 1305 4330 1367 4367; x_wconf 87' lang='lat' dir='ltr'>esse.</span> <span class='ocrx_word' id='word_1_526' title='bbox 1378 4316 1444 4380; x_wconf 82' lang='lat' dir='ltr'>quod</span> 
     </span>
     <span class='ocr_line' id='line_1_48' title="bbox 343 4395 1444 4464; baseline 0.004 -24"><span class='ocrx_word' id='word_1_527' title='bbox 343 4409 399 4442; x_wconf 81' lang='lat' dir='ltr'>vero</span> <span class='ocrx_word' id='word_1_528' title='bbox 409 4395 527 4444; x_wconf 83' lang='lat' dir='ltr'>Secretem</span> <span class='ocrx_word' id='word_1_529' title='bbox 538 4396 646 4446; x_wconf 81' lang='lat' dir='ltr'>nominet</span> <span class='ocrx_word' id='word_1_530' title='bbox 656 4397 798 4462; x_wconf 75' lang='lat' dir='ltr'>eapientem,</span> <span class='ocrx_word' id='word_1_531' title='bbox 814 4400 846 4446; x_wconf 95' lang='lat' dir='ltr'>oh</span> <span class='ocrx_word' id='word_1_532' title='bbox 856 4400 880 4446; x_wconf 92' lang='lat' dir='ltr'>id</span> <span class='ocrx_word' id='word_1_533' title='bbox 891 4399 978 4456; x_wconf 76' lang='lat' dir='ltr'>iecere,</span> <span class='ocrx_word' id='word_1_534' title='bbox 995 4416 1043 4464; x_wconf 86' lang='lat' dir='ltr'>quo</span> <span class='ocrx_word' id='word_1_535' title='bbox 1055 4399 1150 4448; x_wconf 86' lang='lat' dir='ltr'>nomine</span> <span class='ocrx_word' id='word_1_536' title='bbox 1162 4415 1224 4462; x_wconf 83' lang='lat' dir='ltr'>meo,</span> <span class='ocrx_word' id='word_1_537' title='bbox 1241 4407 1354 4462; x_wconf 85' lang='lat' dir='ltr'>tenquern</span> <span class='ocrx_word' id='word_1_538' title='bbox 1365 4413 1444 4446; x_wconf 83' lang='lat' dir='ltr'>esern-</span> 
     </span>
     <span class='ocr_line' id='line_1_49' title="bbox 344 4471 1444 4550; baseline 0.007 -32"><span class='ocrx_word' id='word_1_539' title='bbox 344 4471 385 4536; x_wconf 86' lang='lat' dir='ltr'>pio</span> <span class='ocrx_word' id='word_1_540' title='bbox 397 4474 498 4536; x_wconf 87' lang='lat' dir='ltr'>quodsnr</span> <span class='ocrx_word' id='word_1_541' title='bbox 509 4484 586 4534; x_wconf 88' lang='lat' dir='ltr'>utens,</span> <span class='ocrx_word' id='word_1_542' title='bbox 597 4479 664 4540; x_wconf 85' lang='lat' dir='ltr'>qussi</span> <span class='ocrx_word' id='word_1_543' title='bbox 675 4479 709 4526; x_wconf 86' lang='lat' dir='ltr'>sio</span> <span class='ocrx_word' id='word_1_544' title='bbox 720 4478 799 4526; x_wconf 83' lang='lat' dir='ltr'>dicet:</span> <span class='ocrx_word' id='word_1_545' title='bbox 817 4479 853 4542; x_wconf 88' lang='lat' dir='ltr'>Is,</span> <span class='ocrx_word' id='word_1_546' title='bbox 863 4495 879 4528; x_wconf 92' lang='lat' dir='ltr'>o</span> <span class='ocrx_word' id='word_1_547' title='bbox 890 4481 942 4538; x_wconf 90' lang='lat' dir='ltr'>riri,</span> <span class='ocrx_word' id='word_1_548' title='bbox 961 4480 1149 4544; x_wconf 85' lang='lat' dir='ltr'>sepientiseimus</span> <span class='ocrx_word' id='word_1_549' title='bbox 1160 4487 1205 4536; x_wconf 88' lang='lat' dir='ltr'>est,</span> <span class='ocrx_word' id='word_1_550' title='bbox 1221 4479 1272 4542; x_wconf 89' lang='lat' dir='ltr'>qui,</span> <span class='ocrx_word' id='word_1_551' title='bbox 1289 4479 1444 4550; x_wconf 82' lang='lat' dir='ltr'>quemedmo·</span> 
     </span>
     <span class='ocr_line' id='line_1_50' title="bbox 343 4549 1445 4624; baseline 0.004 -23"><span class='ocrx_word' id='word_1_552' title='bbox 343 4549 400 4602; x_wconf 89' lang='lat' dir='ltr'>dnm</span> <span class='ocrx_word' id='word_1_553' title='bbox 412 4553 527 4614; x_wconf 81' lang='lat' dir='ltr'>Serretes,</span> <span class='ocrx_word' id='word_1_554' title='bbox 545 4557 611 4606; x_wconf 86' lang='lat' dir='ltr'>norit</span> <span class='ocrx_word' id='word_1_555' title='bbox 622 4573 701 4607; x_wconf 88' lang='lat' dir='ltr'>rerere</span> <span class='ocrx_word' id='word_1_556' title='bbox 715 4559 854 4622; x_wconf 64' lang='lat' dir='ltr'>apientiam</span> <span class='ocrx_word' id='word_1_557' title='bbox 870 4575 934 4610; x_wconf 83' lang='lat' dir='ltr'>suem</span> <span class='ocrx_word' id='word_1_558' title='bbox 953 4575 1004 4611; x_wconf 86' lang='lat' dir='ltr'>esse</span> <span class='ocrx_word' id='word_1_559' title='bbox 1025 4561 1094 4612; x_wconf 85' lang='lat' dir='ltr'>nihili</span> <span class='ocrx_word' id='word_1_560' title='bbox 1110 4560 1269 4624; x_wconf 88' lang='lat' dir='ltr'>pendeudem.</span> <span class='ocrx_word' id='word_1_561' title='bbox 1302 4558 1363 4609; x_wconf 76' lang='lat' dir='ltr'>ideo</span> <span class='ocrx_word' id='word_1_562' title='bbox 1374 4559 1445 4621; x_wconf 77' lang='lat' dir='ltr'>igitur</span> 
     </span>
    </p>
   </div>
   <div class='ocr_carea' id='block_1_9' title="bbox 0 0 1578 5316">
    <p class='ocr_par' dir='ltr' id='par_1_9' title="bbox 0 0 1578 5316">
     <span class='ocr_line' id='line_1_51' title="bbox 0 0 1578 5316; baseline 0 1"><span class='ocrx_word' id='word_1_563' title='bbox 0 0 1578 5316; x_wconf 95' lang='lat' dir='ltr'> </span> 
     </span>
    </p>
   </div>
  </div>
 </body>
</html>
