3146 5316
362 545 421 605 roe
825 537 1024 602 rutrours
1396 543 1447 621 [m

363 699 450 756 lucen,
460 697 502 763 qul
511 689 602 746 virtu&
613 709 692 746 curem
703 709 784 744 rerem
794 695 880 745 lrslsem
889 695 1011 762 pmiterls.
1045 694 1084 745 Au
1095 695 1129 745 sle
1139 709 1165 746 et
1172 694 1275 760 rnpless,
1286 703 1313 742 ut
1324 703 1348 744 te
1356 694 1451 752 lstneit,

362 787 387 830 et
398 779 458 844 putri
469 787 495 827 et
503 777 570 826 metri
581 784 606 825 et
616 775 803 840 progenitoribus
813 777 924 826 curuum
934 777 1034 842 petrium
1045 791 1097 826 csse
1104 777 1311 841 anteponendum
1326 783 1397 840 etque
1405 791 1451 824 esse

361 857 517 908 uenerabilior
526 857 640 922 quiddcm
651 857 809 922 ruuctiusque.
820 865 845 906 et
854 859 878 906 io
888 857 1002 922 nuperiuri
1013 865 1085 914 rorte.
1098 865 1147 906 turn
1161 857 1226 920 epud
1244 857 1314 914 clera,
1332 864 1381 904 tum
1391 857 1450 920 spurt

360 939 467 990 homiues
476 939 562 988 mentis
576 946 708 1002 compotes.
723 937 823 1002 petrium
840 939 1020 988 eollccnndcm?
1037 939 1161 1003 colereque
1180 953 1231 988 cern
1249 943 1360 1002 upurtcse
1373 936 1451 1002 munis,

360 1021 430 1086 cique
442 1021 554 1081 obedire;
569 1035 598 1068 ec
609 1019 743 1085 rigidiurse
759 1020 850 1084 gesemi
862 1020 941 1068 mitius
952 1020 1149 1086 sesentiri.quum
1167 1019 1242 1084 petri:
1258 1030 1292 1074 et.
1310 1016 1399 1082 siquid
1413 1016 1450 1080 ju·

360 1100 480 1158 beet‘sel
498 1099 634 1149 disenndcre
649 1099 684 1150 illi
701 1109 816 1164 qnnntuur
835 1101 914 1165 licent,
930 1101 967 1150 vel
987 1101 1080 1162 [ποετις
1104 1109 1130 1149 et
1148 1099 1319 1166 patientissime
1336 1097 1452 1154 sustinere,

359 1181 478 1246 quidquid
494 1181 591 1244 jusserit
608 1179 765 1244 peticudurni
788 1195 826 1238 cc.
841 1181 890 1231 sire
909 1182 1054 1231 mnndeverit
1066 1181 1181 1230 rerbercri
1201 1188 1235 1238 te,
1253 1179 1303 1228 sire
1320 1178 1346 1226 in
1362 1178 1452 1227 rineulu

360 1261 459 1324 conjici,
476 1262 526 1310 tire
543 1262 569 1310 in
584 1261 691 1326 prolium
709 1261 798 1312 miserit
813 1264 845 1312 sd
856 1263 953 1312 uulnere
970 1262 1121 1327 excipiendo,
1140 1269 1285 1326 mortemque
1301 1260 1451 1318 mhcucrlsn.

361 1343 521 1392 obediendum
532 1351 569 1392 est
578 1343 683 1392 coruino.
692 1341 733 1406 jur
743 1342 808 1392 enim
818 1341 854 1392 its
862 1343 938 1392 dictet
949 1357 957 1405 5
967 1350 993 1392 et
1002 1358 1079 1407 neque
1090 1343 1297 1406 crucemque,
1307 1355 1385 1405 neque
1394 1340 1452 1404 lugi·

360 1425 458 1490 endunt,
465 1439 543 1491 oeque
550 1415 657 1474 ordinem
664 1423 829 1480 dercreudum,
837 1424 879 1472 red
888 1431 913 1472 et
920 1423 947 1472 in
958 1423 1031 1487 bellu,
1041 1423 1099 1474 etin
1108 1423 1214 1489 judicic,
1223 1431 1249 1472 et
1260 1437 1352 1488 prorsus
1360 1421 1451 1484 ubique,

359 1514 462 1564 cerunt,
478 1521 532 1571 quo
551 1504 684 1570 respublica
701 1505 824 1568 putrisque
838 1505 943 1568 jusserit,
962 1505 1087 1554 lncieudu
1105 1513 1146 1554 sut
1162 1512 1225 1554 certe
1235 1503 1323 1566 rerlris,
1341 1509 1452 1567 quatenu

357 1586 449 1650 jurtum
459 1594 505 1651 est,
524 1585 560 1634 uti
570 1585 626 1652 licpt
636 1585 667 1632 ad
678 1585 867 1649 perrundendnm
880 1585 915 1634 illi
931 1601 1031 1650 eumque
1045 1587 1201 1650 placendum:
1219 1585 1244 1633 vi
1254 1591 1334 1633 sutem
1345 1584 1381 1632 nti
1391 1582 1452 1632 τώ

358 1675 404 1724 est,
423 1667 459 1716 uel
469 1675 552 1716 ccotre
562 1674 667 1724 mettern,
684 1666 721 1714 rel
732 1673 815 1714 contre
832 1673 932 1730 putrem,
947 1668 1048 1716 menime
1061 1683 1114 1717 reru
1129 1667 1234 1715 omniurn
1248 1674 1332 1714 contre
1349 1663 1451 1728 petitu·

333 1809 338 1816 Ι
358 1747 479 1805 Quirinum
490 1747 520 1796 ud
532 1747 584 1796 hec
594 1747 709 1810 dicemur,
720 1747 795 1803 Crito,
805 1763 891 1796 venne
910 1747 975 1813 loqui
992 1749 1066 1813 leges,
1081 1763 1112 1796 sn
1127 1748 1224 1798 contre?
1258 1746 1308 1796 Cn.
1324 1745 1389 1794 tritu
1403 1745 1451 1809 qni·

357 1827 412 1876 dem
424 1827 540 1878 sidentur.
573 1827 618 1876 Sc.
634 1827 738 1876 Proinde
747 1826 812 1891 leges
821 1828 919 1878 lumrse
928 1829 1028 1879 dicent:
1045 1828 1450 1887 Animsdvcrte,cSocrntes‚utrun

357 1907 534 1970 veredicorum,
548 1915 572 1956 te
582 1907 673 1972 injuste
682 1914 766 1958 contre
776 1923 820 1958 our
830 1909 935 1974 aggredi.
967 1909 1019 1959 Nus
1038 1911 1144 1974 quidem,
1160 1925 1214 1975 que
1232 1917 1255 1958 te
1273 1915 1299 1957 et
1314 1907 1375 1957 nlius
1393 1906 1451 1956 ciret

357 1987 490 2051 genuimus,
507 1988 669 2046 educerimur,
688 1987 835 2053 nutrivimus,
854 1989 982 2054 perticipes
998 1991 1112 2038 botrorum
1127 1989 1244 2053 omnium,
1259 2003 1313 2053 qum
1332 1988 1358 2036 in
1377 1993 1451 2035 ncstrs

357 2076 425 2117 anot
434 2075 562 2134 potestate,
572 2069 709 2119 effecimus:
728 2076 806 2117 tumen
818 2069 964 2133 penuisimuc
974 2069 1072 2118 cuilibet
1082 2068 1275 2126 Atheniensium,
1290 2066 1392 2132 cognitis
1402 2065 1450 2130 jsu

357 2149 461 2200 ciritstis
471 2151 573 2200 moribur
584 2150 731 2214 legibusque.
746 2156 772 2198 et
789 2149 926 2214 reipublic·
937 2151 1097 2213 gubernande
1114 2150 1198 2214 lurotu,
1216 2149 1285 2198 ccci
1299 2163 1347 2196 uun
1357 2147 1452 2210 ptum·

357 2246 418 2290 mur,
428 2229 509 2295 licere,
520 2229 625 2294 receptis
634 2229 692 2287 scir,
699 2241 842 2298 quocunque
853 2229 969 2292 placuerit
977 2230 1033 2280 hinc
1042 2229 1114 2280 ubire.
1147 2229 1202 2280 Nec
1219 2230 1268 2278 ulls
1277 2245 1305 2278 ex
1315 2228 1383 2278 schir
1393 2227 1452 2292 legi·

357 2311 402 2358 bns
412 2309 513 2374 impedit
521 2319 564 2358 sut
573 2309 686 2372 deneget.
702 2309 753 2357 rire
763 2309 817 2373 quls
827 2318 940 2372 restrum,
955 2311 995 2360 cui
1006 2325 1050 2359 nuc
1060 2310 1192 2375 civilesque
1203 2310 1301 2358 minine
1312 2309 1452 2374 plectemur.

356 2390 383 2438 in
392 2390 509 2440 colcuisru
520 2389 624 2453 sliqcnm
634 2389 690 2440 hinc
701 2387 760 2438 velit
769 2388 900 2448 enecuere.
915 2389 965 2440 sive
981 2391 1152 2441 hubitstionem
1172 2390 1219 2440 eliu
1230 2389 1354 2440 trsmlem
1364 2389 1453 2453 cupiet,

357 2485 406 2534 qnu
414 2470 493 2520 minus
502 2470 528 2520 id
539 2485 582 2534 pru
592 2469 687 2519 erbitriu
698 2467 775 2519 lucere
786 2469 873 2535 celest
882 2487 1009 2538 rerumque
1020 2487 1064 2523 sus
1074 2471 1183 2538 perterre.
1214 2470 1313 2521 Atvero
1320 2469 1452 2534 quicunque

356 2567 386 2600 cx
397 2551 474 2610 tultis,
485 2558 610 2616 postquem
618 2550 764 2615 cognoverit,
773 2552 971 2615 quemadmodum
981 2551 1123 2617 nurjudicie
1132 2551 1290 2617 dirpunimus,
1301 2550 1364 2600 etin
1373 2547 1453 2600 celeus

357 2631 466 2681 omnibus
476 2632 577 2697 regium
588 2631 718 2688 cisitntem.
729 2633 883 2696 permenserit
893 2634 1056 2693 temen‚l1uoc
1071 2633 1123 2697 jsrn
1133 2646 1302 2689 escerersrnus,
1320 2645 1393 2696 opeee
1401 2628 1451 2694 ipsu

355 2713 494 2762 convenisse
504 2713 636 2772 uobiscum,
645 2727 794 2778 quecunque
810 2712 956 2777 jurserimus.
972 2728 998 2764 se
1013 2713 1137 2765 lemurum.
1170 2713 1251 2778 Atque
1268 2727 1335 2774 enm,
1351 2712 1393 2776 qui
1407 2725 1453 2758 nuc

357 2794 469 2857 perunit,
486 2792 610 2859 tripliciter
626 2792 731 2857 injuriati
741 2807 878 2844 censemust
896 2803 922 2844 et
938 2795 1003 2860 quud
1014 2794 1168 2859 genitricibut
1178 2794 1247 2844 uubis
1264 2809 1316 2842 uon
1333 2794 1452 2856 colunce-

355 2883 412 2936 rstp
424 2881 450 2923 et
459 2875 523 2938 quod
535 2873 721 2924 nutriciburnun
732 2875 887 2940 obsequitur5
902 2885 927 2924 et
936 2877 1002 2940 quod
1014 2883 1098 2940 pectus
1107 2875 1176 2924 nubis
1186 2875 1296 2937 obedire,
1307 2889 1389 2938 neque
1398 2873 1452 2923 ube·

356 2955 401 3012 dit,
411 2970 489 3020 neque
499 2955 639 3020 persuadere
650 2955 718 3003 noble
727 2955 817 3012 studet,
835 2955 855 3004 si
871 2956 930 3019 quid
946 2955 1025 3004 minus
1035 2965 1098 3006 recte
1108 2956 1186 3006 lucere
1197 2955 1338 3006 videmur:
1354 2967 1452 3017 eumque

356 3043 477 3100 precepto
486 3043 565 3084 trustra
574 3033 648 3084 libere
665 3034 723 3099 [ut]
740 3051 908 3100 proponemus,
924 3051 1004 3101 neque
1020 3037 1159 3086 nicodemus
1175 3035 1261 3100 rigide,
1279 3037 1323 3084 sed
1334 3035 1453 3101 permittu-

356 3131 408 3164 rnue
416 3116 515 3166 ulterum
525 3131 540 3166 e
550 3115 653 3177 duobus,
662 3123 705 3163 eut
714 3115 790 3164 rerbir
801 3116 935 3180 pesnuuderi
945 3117 1023 3175 schir,
1033 3125 1076 3166 eut
1085 3117 1198 3166 mandute
1207 3117 1320 3182 explerep
1338 3124 1364 3164 tu
1373 3117 1453 3164 luorum

355 3203 463 3246 neutrum
473 3197 542 3246 tsciu.
575 3195 620 3244 Hir
628 3211 684 3260 ergo
694 3194 831 3246 criminibus
846 3209 879 3256 te,
898 3197 1042 3256 uspersus,
1061 3198 1190 3248 obnoxium
1203 3196 1341 3260 judicemus
1350 3196 1410 3253 lure,
1425 3193 1454 3252 si,

355 3292 408 3341 que
419 3276 518 3341 copus,
529 3276 628 3326 lecerist
646 3292 691 3326 ccc
709 3275 804 3326 minim
820 3274 1002 3326 Atheniensium
1019 3287 1052 3336 te,
1070 3279 1114 3326 sed
1125 3277 1227 3326 menime
1237 3276 1350 3325 omnium.
1384 3273 1424 3324 Ac
1435 3271 1456 3322 si

355 3370 448 3406 csursm
459 3356 583 3422 requirsru,
592 3357 623 3406 cb
633 3373 703 3421 quum
713 3372 764 3422 pne
773 3357 857 3406 ceter'u
871 3357 915 3408 rim
932 3357 1057 3416 cbouxius,
1074 3358 1135 3408 l'urte
1151 3358 1218 3420 jurte
1228 3373 1265 3406 me
1283 3354 1454 3411 morderent,

355 3435 470 3495 dicenter.
481 3453 519 3486 me
530 3437 630 3487 menime
642 3437 746 3487 omnium
758 3435 940 3487 Atheniensium
952 3438 1055 3488 civitatis
1066 3439 1160 3504 legibus
1170 3437 1325 3490 cuurenrisre.
1342 3435 1378 3484 ric
1388 3433 1453 3484 enim

354 3515 479 3566 inlcnentt
497 3517 589 3580 lllsgns
599 3519 677 3576 nubis,
688 3535 703 3566 c
713 3517 829 3576 suentes,
840 3519 922 3567 hurunr
936 3525 992 3567 suut
1004 3527 1150 3583 arguments,
1166 3520 1211 3568 tibi
1224 3534 1269 3568 nor
1285 3515 1454 3582 civitatemque

355 3591 480 3654 placuisse.
496 3609 618 3659 nunqusrn
634 3598 697 3647 enirn
712 3599 812 3648 maxime
827 3599 932 3648 omnium
950 3597 1132 3650 Atheniensium
1149 3600 1175 3648 in
1193 3615 1223 3648 es
1240 3613 1318 3648 morse
1335 3598 1454 3660 enices,

355 3669 402 3718 uici
411 3671 454 3718 tibi
466 3673 561 3722 mirifice
573 3676 706 3738 placuisset.
739 3679 824 3745 Itsque
836 3696 880 3729 nec
889 3681 1021 3746 spectaculi
1030 3682 1105 3746 gretie
1116 3683 1174 3732 urbe
1186 3694 1293 3746 unquam
1302 3695 1410 3744 ememus
1420 3693 1454 3734 ὅ.

354 3748 401 3797 uiri
410 3751 481 3800 mmel
492 3751 518 3800 in
529 3751 652 3813 isthmum,
671 3771 716 3808 uec
726 3758 774 3808 sliu
785 3775 893 3824 nequem,
905 3761 949 3809 nisi
961 3761 985 3808 in
996 3759 1095 3824 militis;
1112 3777 1192 3826 neque
1208 3761 1279 3810 slicrn
1290 3759 1370 3808 lecisti
1388 3773 1454 3824 pere-

355 3829 509 3894 tflnlfiw‘ffl
520 3847 632 3898 Ullum·
642 3840 839 3899 quemedmcduru
850 3841 922 3890 ceteri
932 3829 1028 3902 rulent;
1044 3857 1123 3906 neque
1133 3839 1230 3890 ulterius
1241 3839 1348 3903 civitstis
1355 3847 1381 3888 te
1390 3836 1455 3902 cepit

355 3911 482 3974 tupldllssr
503 3911 630 3964 slitruscve
644 3915 738 3980 legnrur
755 3921 797 3968 recl
819 3935 863 3969 ocs
880 3919 923 3968 tibi
941 3929 1067 3986 nurusque
1084 3921 1168 3971 civiter
1186 3919 1347 3970 sstislecirnur
1356 3936 1365 3982 ς
1381 3932 1454 3983 usqne

355 3989 415 4036 odeo
423 3992 572 4040 uehementer
582 3995 685 4056 probuti
696 4012 748 4061 ncs,
758 4000 890 4064 unumque
900 4000 1004 4049 muribus
1014 4001 1129 4052 victurum
1150 4009 1175 4050 te
1188 3999 1351 4050 cunnensisti:
1368 4009 1419 4048 tum
1428 3997 1453 4044 iu

354 4069 437 4116 “lull
447 4072 524 4129 rebus,
542 4079 590 4120 tum
602 4075 658 4138 quie
673 4075 699 4124 io
714 4093 743 4126 es
760 4069 821 4127 filiur'
838 4080 974 4144 procreasti.
991 4090 1077 4147 utpute
1092 4097 1146 4146 que
1165 4079 1210 4130 tibi
1227 4079 1356 4145 placuerit.
1388 4078 1455 4138 Quin

355 4144 426 4230 ptinrn
435 4148 522 4198 licebet
531 4150 575 4200 tibi
585 4152 610 4200 iu
620 4154 772 4218 lprujudicio
783 4159 889 4208 exsilium
900 4161 1030 4224 postulcre¹
1046 4161 1067 4210 si
1080 4161 1211 4223 ruluisres3
1228 4151 1380 4227 utque'qnorl
1391 4173 1455 4208 nnuc

355 4221 429 4270 iovite
439 4226 533 4276 ciritnte
542 4234 683 4293 aggrederis.
694 4244 752 4286 tunc
762 4253 791 4286 en
800 4239 896 4288 volente
912 4249 1006 4304 putem
1023 4242 1109 4292 lsccre.
1142 4241 1181 4302 Tu
1192 4256 1249 4291 vero
1260 4242 1340 4291 verbio
1354 4247 1413 4290 tuuc
1430 4247 1455 4287 te

356 4299 598 4385 ‘¹¹¹¹ll'lquutsinou
608 4314 708 4374 graviter
724 4316 804 4376 terres,
820 4319 840 4366 ri
857 4320 915 4368 mori
932 4327 955 4370 te
967 4330 1094 4386 oporteret.
1110 4321 1243 4386 quinimmo
1255 4329 1357 4370 rnortcrn
1368 4321 1455 4386 ipscm,

302 4391 309 4398 '
358 4377 385 4415 ‘¹²
396 4375 498 4436 ‘¹¹⁰²b12·
509 4385 586 4444 potius
597 4405 666 4450 quem
677 4395 783 4444 exsilium
793 4399 894 4463 elegirti.
928 4400 951 4448 N
954 4417 1000 4450 unc
1011 4419 1066 4451 sero
1077 4417 1122 4450 nec
1132 4401 1206 4450 verbs
1220 4401 1264 4450 ills
1275 4409 1317 4450 tus
1328 4400 1457 4462 erubescis,

358 4461 435 4509 “qm
444 4467 486 4502 ¹¹⁰⁸
494 4459 557 4522 ΙΨ*
568 4468 659 4526 metit·
669 4473 709 4520 led
719 4478 787 4526 nubis
799 4479 918 4528 interitum
929 4483 1077 4532 muchineris.
1110 4481 1180 4531 Fecit
1191 4489 1283 4539 sutem,
1293 4483 1361 4546 quud
1376 4481 1454 4530 deter-

358 4522 428 4572 ¹l¹¹¹¹¹⁸
437 4527 522 4586 ‘'w“
532 4553 618 4606 terrun,
628 4546 707 4612 sugam
718 4555 817 4618 wipere
829 4566 931 4622 tuntum,
948 4569 1030 4613 contus
1046 4561 1170 4626 psctiuucc
1185 4562 1419 4628 contentionesque,
1429 4559 1454 4608 iu
