3150 5316
159 552 215 634 γε]
633 543 797 608 PHAEDO.
1195 555 1255 620 439

159 705 321 772 perducitur
338 701 445 756 similiter
462 709 509 751 tsm
529 699 630 752 sulutem
647 709 751 751 oustrsm
773 715 844 767 qoem
863 701 988 752 mosten
1005 702 1062 768 [π]
1079 703 1165 772 ipsum,
1182 725 1253 775 quum

158 787 231 836 modo
241 785 347 842 dioebss,
357 792 413 834 snte
423 799 494 850 quens
504 795 660 840 nosceremur,
668 782 785 832 exstitisse
794 781 956 833 contitesmur.
989 782 1056 833 Nihil
1067 786 1130 835 enim
1141 797 1188 839 tsnr
1203 807 1255 842 eer-

158 871 208 915 tum
226 867 302 916 bsbeo
313 879 384 930 qusm
393 879 444 914 esse
452 863 568 928 ejusmodi
579 861 667 921 omnis,
677 871 702 912 et
712 862 808 926 quidem
820 863 928 926 nerium,
937 863 1030 916 seitieu
1041 866 1162 930 puiobmru
1173 871 1252 936 ipsum

158 953 185 994 et
204 947 291 994 bouum
301 945 394 1009 niisque
405 944 494 1002 omnis,
510 959 563 1008 qun
574 951 600 992 tu
612 943 683 991 modo
694 941 797 991 diccbss.
830 941 862 990 Et
872 951 986 1009 qusutum
1002 946 1032 994 sd
1044 961 1082 995 me
1092 948 1186 1010 sttinet,
1197 953 1253 1003 sotis

158 1035 196 1076 est
206 1027 398 1076 demonstretum.
431 1025 473 1075 So.
488 1023 554 1083 Quid
566 1039 621 1073 vero
634 1022 732 1072 ridetur
747 1021 850 1072 Cebeti?
866 1030 960 1088 oportet
975 1025 1039 1074 enirn
1048 1026 1084 1076 iiii
1094 1043 1190 1096 quoque
1201 1045 1254 1096 per·

158 1108 265 1158 sundere.
297 1106 359 1156 θυι.
376 1105 439 1155 Sstis
450 1112 475 1154 et
485 1103 630 1154 titturbtnor
640 1119 784 1168 passuum,
795 1103 903 1167 qosmris
913 1105 1018 1156 omnium
1028 1110 1253 1172 repugnsutinimns

156 1187 189 1236 sit
198 1196 224 1238 et
233 1189 263 1236 sd
274 1188 418 1238 erodendum
429 1183 580 1235 terdissimus.
595 1183 680 1247 opinor
691 1192 769 1232 umen
779 1183 921 1233 sufficienter
929 1185 963 1233 iiii
970 1186 1102 1249 pmbstum,
1110 1197 1167 1239 onte
1176 1197 1253 1242 ortum

156 1275 262 1316 nostmm
273 1268 374 1317 suimsm
393 1265 518 1316 exstitisse.
550 1264 590 1314 Au
601 1279 656 1313 sero
667 1271 722 1330 post
737 1263 856 1313 interitum
868 1271 971 1313 nostrum
989 1265 1061 1314 etism
1070 1266 1149 1318 turm
1159 1271 1197 1330 sit,
1208 1287 1255 1324 nee

158 1350 217 1398 mibi
224 1347 520 1415 qutdrmipsimsmrsur,
529 1345 585 1395 sstis
592 1344 670 1395 sdbuc
677 1345 770 1394 ridetur
778 1343 954 1394 ostensumsed
962 1360 1026 1396 nuuc
1035 1346 1107 1396 etism
1115 1352 1255 1402 reststmoi·

158 1439 236 1480 torum
243 1427 361 1478 dubitatio
366 1427 417 1494 iiio,
424 1426 527 1492 qusmin
535 1425 639 1474 medium
647 1426 725 1476 Cebes
732 1424 907 1488 sddunerst,ne
917 1423 1029 1474 rideiicst
1037 1425 1133 1476 bomine
1140 1431 1254 1482 ruorients

156 1510 226 1560 simui
239 1510 317 1558 enims
326 1507 452 1573 dissipetur
463 1516 534 1571 utque
544 1507 579 1556 its
589 1521 641 1555 esso
650 1505 751 1555 desinet.
766 1505 824 1569 quid
831 1505 893 1554 enirn
904 1503 1014 1570 prohibet
1022 1505 1071 1556 tert
1082 1508 1178 1572 quidem
1189 1510 1252 1562 iiism

157 1599 183 1640 et
194 1589 291 1638 niioude
308 1589 429 1646 constitui,
449 1595 520 1652 utque
540 1601 591 1636 esse
608 1587 673 1652 prius
689 1587 770 1644 etism,
786 1601 856 1650 quum
874 1584 900 1634 iu
915 1600 1001 1650 corpus
1013 1587 1113 1636 bominis
1125 1587 1253 1643 iuberemus

154 1677 281 1736 postquem
292 1683 348 1718 vero
358 1669 389 1718 sb
399 1683 429 1718 eo
439 1667 579 1723 discesserit,
591 1673 648 1715 tunc
657 1665 722 1714 iiisrn
740 1667 836 1730 iusuper
845 1665 957 1716 iuterim?
991 1665 1039 1716 Gr.
1053 1666 1132 1719 Recte
1143 1669 1254 1735 loqueris,

156 1747 264 1798 Simmis.
280 1746 450 1796 Videturenim
459 1747 526 1811 qussi
534 1745 659 1795 dimidium
666 1745 728 1810 ejus,
738 1745 802 1810 quod
811 1753 914 1809 oportet,
925 1746 1058 1811 probeturu,
1066 1755 1122 1798 snte
1132 1749 1254 1816 rideiieet,

155 1844 227 1894 qoem
238 1843 394 1890 nusoeremur,
404 1835 507 1876 nostrum
517 1826 618 1876 suimsrn
629 1826 747 1875 exstitisse
757 1842 763 1873 ι
773 1833 881 1890 oportere
892 1833 970 1876 sutem
981 1827 1007 1894 id
1014 1843 1109 1893 quoque
1119 1831 1253 1892 utendae,

155 1915 281 1976 postquem
292 1907 377 1955 mortui
386 1907 508 1969 fuerimus,
519 1920 567 1954 nun
584 1905 662 1954 miuus
679 1903 729 1954 iore
745 1919 815 1970 quum
834 1911 905 1962 esset,
922 1913 1048 1972 sntequsm
1062 1923 1219 1974 mmmm,
1233 1913 1255 1962 ιι

157 1990 229 2038 modo
239 1989 310 2037 tinem
321 2003 389 2037 suum
401 1986 569 2036 demonstretio
580 1985 611 2035 sit
621 1985 736 2036 habiturn.
769 1985 813 2035 So.
830 1985 1022 2035 Demonstrsmru
1032 1989 1172 2052 quidemest
1179 1993 1253 2059 brad,

156 2085 173 2119 o
184 2068 280 2118 Simmis
292 2077 317 2118 et
328 2085 343 2117 o
354 2068 442 2132 Cebes,
453 2065 525 2116 etism
536 2081 609 2130 nunc,
620 2066 641 2115 si
652 2068 722 2116 modo
731 2065 816 2123 velitis,
827 2072 853 2115 et
863 2065 898 2124 id,
914 2067 978 2132 quod
990 2069 1061 2117 modo
1071 2071 1194 2134 probstnm
1205 2081 1252 2132 est,

155 2158 182 2200 et
190 2149 260 2206 iiiud,
273 2149 337 2214 quod
349 2157 405 2197 ente
415 2161 614 2205 musmsersmns,
623 2147 737 2196 rideiicet
747 2161 819 2195 omne
830 2145 912 2196 virens
922 2163 952 2196 ex
962 2153 1055 2197 mortuo
1070 2148 1130 2210 beri,
1140 2150 1166 2200 in
1177 2168 1250 2204 orrum

155 2239 305 2282 connectere.
338 2229 365 2279 Si
381 2229 444 2278 euim
457 2233 497 2278 tst
512 2227 592 2276 enims
609 2227 683 2294 prius,
700 2235 726 2276 et
742 2243 796 2276 curn
812 2228 837 2276 in
857 2229 919 2278 bunc
929 2228 1077 2278 renituitsm
1087 2230 1252 2296 titqusborrso,

157 2327 253 2362 necesse
264 2319 301 2361 est
312 2326 359 2359 uou
371 2309 467 2358 siiuude
478 2323 530 2358 eoru
546 2323 617 2372 qusm
628 2323 657 2358 es
669 2309 765 2358 mortuis
783 2308 899 2373 proficisci
910 2326 917 2356 ι
934 2325 976 2358 eur
987 2325 1034 2358 non
1045 2312 1201 2362 mnndum
1210 2313 1251 2372 sit,

155 2400 183 2442 ot
193 2393 263 2442 etism
275 2398 329 2456 post
340 2397 436 2440 mortem
447 2389 551 2455 corporis
568 2397 671 2453 murat,
682 2405 736 2438 cnm
748 2397 857 2454 oportent
867 2389 942 2454 ipsum
953 2389 983 2438 sd
995 2391 1056 2440 bsnc
1067 2392 1139 2441 ritum
1151 2393 1252 2444 rerestii

155 2471 348 2522 Demonstrntum
359 2470 431 2542 igitur
441 2477 467 2518 ot
483 2484 547 2520 nunc
563 2477 608 2527 est,
625 2471 691 2533 quod
701 2471 796 2520 dicitur.
829 2469 990 2520 Veruntsmen
1008 2470 1120 2521 uidemini
1137 2480 1162 2521 tu
1179 2482 1251 2539 stqrss

154 2553 262 2603 Simmiss
278 2567 365 2618 cupere
383 2552 446 2601 idem
466 2565 543 2600 rursus
562 2549 699 2614 diligentius
717 2548 868 2615 peursetsris
885 2565 914 2600 sc
933 2551 1031 2599 torsitsn
1050 2565 1174 2616 pueromm
1186 2567 1250 2602 muse

154 2631 292 2690 formidatis,
309 2649 340 2682 ue
351 2647 430 2681 revers
439 2645 537 2695 corpore
548 2629 706 2694 egredientem
717 2636 801 2678 reutus
811 2629 925 2678 dissuisst
934 2638 1005 2695 etque
1014 2630 1143 2696 dispergst,
1154 2647 1251 2695 preses·

154 2715 197 2761 tim
208 2715 229 2762 si
239 2713 315 2762 sentis
326 2711 486 2762 vehementius
497 2709 608 2758 dentibus
618 2716 695 2760 erest.
716 2707 756 2758 Ad
767 2709 819 2758 ture
830 2709 906 2759 Cebes
916 2708 1048 2767 subridens,
1059 2717 1171 2774 troqusur
1181 2713 1250 2762 nubis

152 2793 178 2842 id
190 2793 378 2850 ionuidsutibus,
388 2791 475 2858 inquit,
486 2807 500 2840 o
509 2791 626 2849 Socrstcs,
637 2797 718 2839 coutrs
729 2789 869 2854 permsdere
880 2804 964 2839 consue
975 2807 982 2840 c
995 2789 1066 2840 immo
1073 2805 1128 2840 rero
1137 2807 1186 2840 non
1195 2799 1249 2841 tn·

153 2889 223 2940 quem
234 2872 414 2923 formidantibus
425 2872 511 2921 nobis:
530 2871 572 2920 sed
592 2871 690 2920 iortssse
707 2878 744 2920 est
753 2870 816 2920 inter
833 2885 877 2920 uos
889 2885 947 2936 puer
960 2870 1046 2937 siiquis
1056 2870 1112 2921 isti·
1122 2880 1248 2924 metuenss

152 2957 209 3006 buic
219 2971 275 3020 ergo
285 2955 418 3004 uunitsmur
432 2953 580 3019 persumere,
596 2969 627 3002 ue
644 2960 743 3002 mortem
754 2969 798 3002 ceu
810 2953 885 3002 isrsss
895 2953 1053 3016 pertimescst.
1085 2955 1129 3005 So.
1145 2954 1249 3020 Oportet

152 3043 215 3086 certe
231 3036 287 3085 huic
306 3035 394 3084 mederi
403 3035 546 3084 carminibus
561 3035 678 3099 quotidie,
695 3035 774 3098 quosd
787 3049 857 3082 ssnus
873 3033 995 3084 ciiicistur.
1027 3031 1076 3085 Cr.
1091 3034 1138 3084 Sed
1151 3037 1247 3086 obissn

153 3115 211 3180 [78]
221 3117 337 3166 medicum
348 3114 464 3180 ejusmodi
475 3115 645 3174 nanciscemur,
655 3131 672 3164 ο
681 3117 799 3172 Socrstes,
809 3129 863 3162 cuns
874 3123 899 3162 tu
910 3115 1061 3164 discesseris?
1095 3115 1139 3166 So.
1156 3116 1248 3181 Asopis

151 3205 197 3262 est,
208 3213 223 3245 o
234 3195 320 3253 Cebes,
337 3195 440 3258 Granis,
456 3195 482 3242 in
499 3209 548 3258 qus
565 3201 621 3242 suot
636 3193 679 3242 riri
696 3201 852 3258 prssstsntess
869 3207 941 3256 quarn
956 3194 1064 3258 piurima
1079 3202 1135 3244 sunt
1146 3196 1249 3244 herber·

150 3277 277 3336 untiones;
293 3289 337 3338 per
353 3273 396 3322 iuss
414 3287 496 3320 ornnes
514 3271 632 3335 ejusmodi
649 3272 768 3319 medicum
786 3270 880 3320 deben's
897 3273 1128 3338 perquireremus
1139 3275 1248 3338 pscurn's's

151 3363 276 3422 poroentes
286 3369 364 3417 oeque
375 3351 501 3401 laboribus.
517 3349 577 3399 nihii
594 3357 630 3398 est
640 3349 715 3412 emm,
729 3365 771 3414 pru
788 3365 837 3413 quo
847 3351 995 3399 commodius
1005 3351 1084 3400 uronis
1094 3352 1147 3416 quus
1157 3369 1247 3418 sepas·

150 3439 202 3486 dut.
234 3434 431 3484 Porscrutsndum
452 3446 548 3497 quoque
564 3437 601 3479 est
622 3430 692 3480 otium
713 3430 776 3479 iuter
796 3445 838 3479 ros
858 3429 931 3494 ipsus.
947 3431 1007 3480 torte
1025 3431 1088 3481 euim
1108 3448 1156 3481 unu
1176 3434 1248 3484 neue

152 3517 285 3580 invenietis,
306 3513 348 3579 qoi
371 3514 455 3563 meiius
471 3527 543 3577 quem
567 3527 608 3560 ros
626 3509 652 3560 id
674 3517 746 3575 quest
764 3510 863 3560 etiieere.
896 3509 943 3560 Cu.
960 3510 1013 3561 Fiet
1028 3512 1052 3561 id
1074 3512 1179 3578 quidem.
1191 3515 1248 3564 'sed

152 3597 275 3646 redesmus
294 3593 354 3659 jum,
375 3595 394 3643 si
416 3593 459 3643 tibi
480 3592 566 3657 pisces,
583 3591 647 3640 uude
666 3590 764 3655 digressi
783 3605 871 3640 suums.
903 3587 946 3642 So.
964 3592 1028 3642 biiii
1043 3592 1139 3658 quidem
1158 3593 1247 3660 pisunt.

150 3677 209 3743 quid
220 3677 284 3726 euim
303 3675 431 3742 prohibet?
463 3674 512 3724 Cn.
529 3671 607 3722 Recte
624 3672 760 3736 respondes.
792 3671 835 3722 Su.
852 3673 893 3722 Ars
906 3687 955 3721 nun
974 3672 1022 3722 tris
1039 3673 1129 3740 siiquid
1147 3689 1163 3722 s
1178 3673 1248 3723 nobis

150 3756 208 3822 ipsis
219 3757 331 3806 sciscitari
347 3756 470 3812 debemus,
487 3755 580 3804 cuiusm
599 3762 623 3802 et
639 3751 705 3820 qunti
722 3753 848 3802 conseuint
863 3767 892 3802 es
909 3753 995 3818 psssio,
1013 3769 1054 3820 per
1069 3769 1139 3818 qnsm
1150 3753 1247 3804 dissuisr'

152 3837 244 3902 possit:
261 3845 286 3886 et
297 3837 336 3887 cui
346 3836 458 3902 qusiique
469 3835 498 3884 sit
510 3834 672 3899 metuendum,
684 3849 714 3882 ne
725 3831 749 3882 id
762 3835 872 3898 pstistur,
883 3842 909 3882 et
919 3834 1048 3883 ”eundum
1059 3849 1128 3898 quum
1140 3833 1249 3899 qusiem·

96 3907 98 3914 ’
150 3933 197 3983 que
208 3918 260 3983 ejus
272 3925 378 3982 purtem:
396 3917 484 3966 deinde
494 3916 650 3974 considemus,
660 3914 794 3979 cujusmodi
812 3914 891 3962 suiuus
900 3915 947 3962 sit:
965 3914 1059 3964 demmu
1071 3929 1099 3964 ex
1110 3915 1147 3962 bis
1161 3915 1247 3964 ssimss

150 4007 235 4046 nostrie
245 3999 319 4062 gustis
329 3998 366 4047 vei
379 3997 497 4048 confidere
516 3997 554 4044 rei
565 3996 654 4046 timere.
688 3996 735 4045 (is.
752 3997 815 4046 Vere
827 3995 936 4060 ioqueris.
967 3995 1009 4045 So.
1027 3994 1115 4044 Nonne
1129 3995 1200 4059 igitur
1213 3994 1247 4060 ci,

149 4079 215 4142 quod
228 4077 377 4142 componitur
384 4077 482 4142 jsmqoc
492 4077 648 4142 compositum
659 4084 705 4134 est,
716 4085 798 4126 usturs
809 4077 833 4125 id
846 4075 896 4140 poti
906 4077 1027 4132 contenit,
1038 4083 1072 4132 ot,
1082 4083 1199 4142 qustenm
1209 4083 1249 4125 est

151 4156 317 4220 compositum,
334 4157 495 4206 dissoirutur?
511 4157 601 4221 siquid
612 4171 667 4206 reru
677 4173 725 4206 nou
742 4159 774 4207 sit
789 4155 956 4222 compositum,
975 4155 1031 4206 buin
1042 4155 1087 4206 soii
1098 4155 1248 4221 potissimum

149 4233 217 4286 nulius
227 4235 314 4284 eccidit
323 4235 455 4287 dissoiutio.
488 4237 534 4288 Cr.
553 4236 617 4286 Mitti
628 4237 723 4302 quidem
734 4239 769 4288 sie
779 4243 887 4303 nppsret.
918 4236 960 4288 80.
977 4235 1016 4286 An
1026 4251 1084 4301 nun,
1092 4251 1146 4303 qun
1153 4249 1247 4304 serupsr

149 4314 280 4367 secuudum
290 4315 372 4366 esden
383 4317 515 4382 eodemque
525 4318 597 4366 modo
608 4332 633 4365 se
644 4319 740 4376 bsbeut,
751 4319 803 4368 hee
814 4318 915 4366 mnsiuse
925 4331 977 4366 esse
987 4318 1099 4368 mevenit
1109 4317 1245 4382 sinpiioiri

147 4412 202 4463 qu·
220 4410 275 4445 sero
293 4395 352 4444 stirs
368 4395 444 4455 stiter,
462 4411 507 4447 neo
523 4412 628 4462 uuquam
639 4399 769 4446 secuudum
779 4399 873 4462 eedem,
886 4397 937 4448 bec
948 4412 1000 4448 esse
1015 4398 1166 4463 conposito?
1197 4399 1246 4451 Cn.

147 4473 187 4525 Its
196 4474 308 4540 equidem
319 4473 412 4538 opinor.
443 4475 486 4527 Sc.
503 4475 640 4525 Redesmus
653 4476 704 4540 jsm
716 4477 746 4526 sd
758 4477 808 4542 iiis,
818 4477 849 4526 sd
860 4492 913 4542 qun
924 4475 948 4526 iu
960 4477 1074 4542 superiori
1084 4478 1244 4542 disputatione

148 4556 310 4622 processimus.
327 4554 384 4624 ipss
394 4556 506 4618 essentis,
516 4556 585 4622 cujus
592 4555 759 4625 interrogando
766 4553 978 4627 respondeudoqoe'
986 4557 1100 4612 ustionem
1105 4560 1151 4611 boo
1158 4558 1244 4628 ipsust,
