3174 5322
146 487 218 568 cue]
586 484 802 555 rumonus.
1183 457 1239 558 're

145 640 306 704 eonddecant.
315 644 392 690 utrum
402 638 434 690 ad
445 638 618 706 pbiiaeopitiem
629 647 653 690 et
662 639 788 706 imperium
798 647 882 690 nutura
891 639 924 692 uit
931 647 1019 707 aptucr
1029 650 1057 692 at
1065 644 1163 708 quaudo
1172 645 1239 700 illum

148 729 229 770 amant
238 721 366 778 inventum,
377 721 441 770 omui
452 737 524 786 opcre
535 722 691 780 contendunt,
701 735 749 786 qun
759 721 800 770 iiie
811 721 865 770 telle
875 723 968 772 euadat.
985 722 1023 772 Ac
1033 723 1079 774 niel
1089 725 1162 787 print,
1173 730 1240 790 quod

147 809 267 864 exoptant.
277 801 375 865 ingruet
385 801 474 850 luerint
483 803 563 852 etudiu
573 819 625 861 eun,
637 810 694 852 tuuc
704 802 854 854 contendunt
862 803 1001 864 admodum,
1012 803 1153 868 ducuntque
1164 809 1239 860 unde·

147 895 239 944 cunqm
250 879 340 944 aliquid
351 889 460 945 peccunt,
471 888 543 946 atque
554 883 598 946 ipui
610 883 681 932 etiam
690 882 721 933 ed
732 883 778 932 hoc
788 898 848 946 opuc
858 883 1048 946 prumiuntur.
1065 883 1239 950 investigante.

146 975 174 1008 ex
185 975 209 1008 ee
220 960 337 1024 ipciaDei
347 961 510 1018 minaturum,
524 962 597 1028 [258]
610 963 658 1010 ruti
669 963 762 1012 taudem
774 971 898 1027 computet
908 963 976 1020 dunt,
987 978 1016 1012 en
1033 979 1062 1012 eo
1073 964 1136 1026 qnod
1149 981 1240 1016 numme

146 1039 247 1104 quodam
259 1039 391 1090 ettentione
401 1041 486 1090 mentio
500 1042 576 1092 aciem
593 1042 617 1090 in
629 1041 709 1092 Deum
725 1042 813 1106 erigere
828 1043 1015 1107 compellantem
1032 1041 1119 1092 deiude
1133 1060 1187 1092 cum
1198 1062 1242 1111 per

147 1119 281 1168 memoriam
309 1121 377 1168 illurn
404 1123 530 1186 nttinqaut,
550 1121 674 1172 diuinitate
693 1123 811 1187 afflantur⁸
829 1131 901 1188 atquc
917 1139 946 1172 ee
965 1139 995 1172 eo
1012 1137 1088 1172 morea
1109 1131 1134 1172 et
1153 1126 1241 1190 studia,

146 1207 259 1263 quntenuu
279 1200 370 1249 bomini
395 1201 452 1250 licet
473 1201 522 1248 Dei
548 1202 687 1266 participem
715 1203 773 1260 deri.
800 1204 907 1266 mptum.
939 1203 1051 1266 quoniam
1076 1219 1131 1252 uero
1157 1205 1240 1256 borum

146 1280 249 1328 omnium
266 1295 348 1328 caueae
367 1280 471 1330 releruut
488 1280 513 1328 iu
532 1291 645 1345 amatum,
663 1282 792 1330 dilectione
808 1282 928 1332 numum
945 1283 1115 1332 accenduntur.
1160 1283 1199 1334 :lc
1220 1285 1241 1336 ei

145 1361 175 1410 ab
192 1360 253 1410 iure
274 1359 392 1418 hauriant,
413 1361 576 1410 bacchantium
598 1363 745 1422 anecdotum
764 1378 838 1419 more,
854 1363 880 1412 in
899 1362 971 1412 amati
991 1362 1095 1412 mirum
1122 1367 1239 1415 metun-

144 1440 235 1503 denten,
245 1439 340 1504 proprio
350 1439 415 1498 Deo,
426 1441 503 1503 quoad
516 1448 622 1503 poaruut,
633 1441 778 1490 einriilimum
789 1441 900 1492 reddunt.
934 1433 1077 1504 Quicunque
1092 1459 1147 1492 rere
1163 1445 1241 1496 Junc-

145 1534 198 1566 nem
208 1517 284 1568 eecuti
294 1525 358 1576 cunt,
369 1517 458 1582 reqium
469 1527 592 1582 querunt:
609 1535 656 1583 quo
675 1518 781 1577 invento,
797 1517 903 1568 u'miiiter
917 1519 997 1568 adecti
1016 1521 1099 1570 adem
1108 1523 1240 1586 ergalium

144 1597 223 1647 omnia
234 1597 333 1648 iaciunt.
366 1595 486 1662 Apollinis
501 1605 613 1661 praterea
631 1599 800 1663 reliquorumve
818 1600 920 1649 cultum
935 1599 1041 1650 Deorum
1057 1602 1153 1666 cinguli,
1173 1601 1241 1654 Dect

142 1677 251 1740 ninguine
267 1676 395 1733 imitanma.
409 1679 493 1726 eodem
508 1679 579 1726 modo
597 1679 708 1728 affectum
727 1688 811 1730 natura
829 1681 1002 1730 metuentem
1021 1690 1146 1744 quaerunt:
1164 1699 1241 1748 eoque

141 1762 294 1819 comparatu,
304 1761 329 1804 et
339 1755 385 1818 ipnl
394 1753 522 1814 imitantes,
532 1765 558 1805 et
567 1758 754 1808 molewmtlbuu
764 1761 931 1824 wmuadentee
947 1763 1150 1827 moderanteequm
1160 1763 1185 1814 in
1195 1780 1240 1814 uu·

140 1836 216 1886 minin
225 1830 302 1899 ipsius
312 1834 416 1882 etodium
428 1843 453 1884 et
462 1835 539 1884 ideam
558 1852 601 1900 pro
617 1839 702 1888 uiribue
719 1847 807 1902 agente
824 1856 873 1890 nnn
882 1841 980 1900 invidia,
991 1857 1039 1890 uon
1049 1842 1158 1892 illiberali
1169 1843 1241 1894 maie-

142 1915 250 1964 voientia
260 1915 288 1962 iu
299 1914 463 1964 adoiceceutec
473 1931 529 1964 auec
540 1923 647 1977 utuntur,
662 1919 705 1968 ned
721 1919 785 1968 omni
800 1919 879 1968 studio
892 1920 946 1968 illoc
956 1922 986 1969 ad
997 1921 1123 1984 perlectam
1135 1929 1184 1972 tum
1194 1923 1242 1982 eui,

142 2003 193 2046 tum
205 1993 264 2057 Dei,
276 2009 346 2058 quem
357 1993 450 2056 colunt,
461 1995 637 2047 eimiiitudluem
656 1999 753 2048 iurrunre
771 2005 894 2048 conantur.
927 1999 989 2049 cun
999 2000 1070 2064 igitur
1080 2001 1178 2065 deinque
1188 2017 1242 2050 reta

143 2073 282 2138 ementium,
292 2073 311 2120 ni
323 2073 404 2137 mpdo,
415 2074 479 2137 quud
491 2075 601 2140 cupiunt,
610 2076 698 2126 luerint
708 2077 819 2134 ecumuti,
836 2077 890 2126 teliu
905 2084 943 2128 eat
958 2078 1073 2142 prolecto,
1088 2080 1182 2143 qualem
1199 2079 1243 2128 de·

143 2154 276 2220 eerlpeirnm
287 2170 293 2200 ι
311 2152 441 2217 etinuiguie
448 2154 577 2203 admodum
584 2155 687 2218 felixque
697 2157 729 2204 ab
739 2155 815 2205 amico
826 2163 922 2220 propter
931 2171 1034 2206 amurem
1045 2157 1146 2221 iurante,
1156 2159 1243 2210 dilecto

143 2249 195 2292 nuo,
207 2234 227 2282 ei
237 2240 321 2296 captur
331 2234 411 2291 luerit,
426 2233 543 2298 provenit
560 2235 767 2300 comprehenditur
776 2244 865 2294 auum,
875 2237 982 2300 quinquie
993 2237 1094 2300 capitur,
1105 2239 1151 2288 boc
1162 2246 1242 2302 paeto.

145 2313 282 2370 Quamlibet
291 2313 393 2362 animam
403 2315 434 2362 ab
444 2314 512 2362 initio
523 2314 593 2378 huju·
603 2313 691 2364 iebnln
702 2314 812 2362 trifarium
824 2313 960 2363 divisimurz
977 2323 1049 2378 atqua
1064 2331 1176 2379 equorum
1188 2317 1242 2382 qui·

146 2394 198 2442 dem
216 2393 301 2442 formae
320 2394 434 2458 geminen,
453 2394 513 2442 dnae
531 2393 646 2456 quaedam
664 2392 755 2456 upeciee
770 2393 909 2458 poeuimne;
931 2393 1035 2457 aurigam
1053 2409 1118 2459 vero,
1136 2397 1240 2460 speciem

145 2474 254 2522 tertiam:
272 2473 404 2537 eademque
421 2473 489 2522 nobie
508 2473 533 2522 iu
551 2473 676 2536 presentia
695 2479 814 2524 maneant.
847 2472 969 2538 Equorum
985 2482 1064 2522 auten
1081 2475 1140 2524 aiter
1155 2477 1242 2543 bunun,

146 2553 202 2602 aiter
212 2569 271 2603 non.
304 2553 365 2609 Qum
383 2559 462 2602 eutero
477 2559 518 2600 eut
537 2541 667 2616 boniequi
681 2553 764 2612 virtut,
773 2561 815 2602 aut
825 2553 880 2603 mali
891 2555 993 2616 previum
1003 2554 1042 2612 eit.
1052 2555 1158 2604 noudum
1170 2556 1241 2620 plana

146 2634 262 2682 diximus:
280 2646 344 2682 nune
354 2646 409 2680 reru
420 2631 556 2680 dicendum.
588 2630 672 2680 Bortuc
687 2632 846 2682 excellentiori
856 2632 939 2681 babitu
950 2631 1009 2682 eitun
1018 2641 1063 2691 eet.
1074 2633 1153 2696 epecie
1164 2644 1241 2686 reetue

145 2719 169 2762 et
184 2712 323 2762 uticulntim
341 2710 476 2772 distinctus,
494 2711 567 2758 ardue
583 2710 684 2772 ceruice,
697 2707 792 2760 nauibue
810 2711 903 2760 modice
921 2710 1042 2774 aquilinis,
1057 2709 1134 2761 nitido
1153 2713 1241 2775 oolure,

146 2793 215 2858 niquis
225 2791 311 2855 eculin,
321 2789 416 2838 honorii
427 2789 536 2852 cupidus,
548 2789 708 2853 temperantiae
717 2789 861 2854 pudoricque
876 2790 1003 2856 particepa,
1013 2805 1041 2840 ao
1051 2805 1113 2840 rere
1122 2791 1241 2855 upiuionie

144 2873 240 2932 amium,
251 2871 323 2920 unllie
333 2869 431 2918 ntlruuile
441 2869 561 2932 indigene,
571 2870 663 2918 collinet
672 2870 833 2918 cohortatione
843 2869 895 2918 coia
905 2870 1042 2934 rationeque
1051 2869 1146 2934 regitur.
1172 2870 1242 2926 Alter

143 2953 243 3002 iuterim
260 2957 285 3002 et
303 2949 435 3014 multiplex,
454 2955 587 3012 temereque
604 2947 707 3012 deletum,
717 2947 839 3014 lucusque.
850 2949 983 3000 eteont'uea
992 2950 1146 3013 comportem,
1156 2949 1241 3015 rigenti

56 3061 58 3065 ν
144 3041 169 3082 et
177 3033 236 3082 dura
246 3031 347 3095 ceruice,
357 3039 428 3094 utque
438 3027 540 3078 derniceo
550 3029 621 3087 coilo,
631 3029 690 3078 timu
701 3028 777 3089 vultu,
795 3028 863 3077 busco
878 3029 966 3091 colore,
976 3030 1050 3080 uouliu
1061 3029 1135 3079 ccciii
1145 3032 1240 3096 anagui-

146 3127 221 3176 nequc
232 3111 336 3168 autimiu,
347 3124 449 3158 murnum
461 3115 487 3158 et
495 3117 630 3165 contumax,
645 3109 741 3158 bireutie
760 3108 855 3158 auribuu
866 3117 938 3174 atque
948 3109 1032 3168 turdis,
1043 3110 1083 3158 rix
1093 3111 1187 3174 depello
1199 3111 1241 3162 eti.

145 3191 259 3256 nudeque
270 3191 443 3253 obtemperant.
475 3189 578 3250 Quando
590 3190 660 3253 igitur
668 3189 758 3254 curiga,
768 3190 908 3240 amatodum
918 3191 1035 3254 acplcieue
1046 3191 1145 3254 ruitum,
1155 3197 1241 3240 totam·

145 3287 190 3338 que
199 3287 271 3322 centu
281 3271 427 3320 lunanum
445 3271 547 3319 aninam
565 3270 705 3320 tiu'llntionie
720 3278 746 3322 et
765 3271 874 3320 deeiderii
892 3270 992 3320 stimuli·
1008 3270 1149 3332 concitatur,
1165 3268 1240 3334 [²54]

146 3359 193 3402 tum
211 3351 254 3416 qui
272 3349 359 3414 unuq-
370 3349 484 3400 obedieue
502 3358 539 3399 eat
555 3365 679 3414 equorum.
697 3357 724 3398 ut
743 3351 874 3409 contuerlt.
892 3351 983 3414 pudore
999 3345 1241 3410 cublbitmaeipeum

146 3433 262 3495 eontinet,
271 3447 303 3482 r·
313 3431 419 3496 prosiliet
428 3431 454 3480 ia
464 3437 577 3482 mamm.
609 3429 679 3480 Alter
694 3445 771 3494 neque
787 3427 898 3486 adnutu,
907 3443 985 3492 neque
994 3423 1129 3476 rerberibuc
1138 3423 1242 3478 coirent

145 3520 235 3575 potent,
245 3512 287 3560 ced
297 3511 395 3573 anulut,
406 3527 435 3562 no
446 3511 558 3560 violentie
568 3510 671 3572 delutne,
681 3507 836 3571 conjunctum
846 3507 891 3558 eibi
898 3522 985 3572 equum
993 3505 1142 3572 aurigamque
1151 3513 1241 3570 pertur-

144 3592 196 3650 bat,
206 3592 315 3656 rapitque
324 3593 354 3642 ed
364 3592 462 3642 Venerin
471 3592 627 3657 voluptatem.
659 3589 694 3639 At
704 3589 739 3640 illl
749 3589 779 3638 ab
789 3587 859 3638 initio
867 3588 1027 3644 idumeum,
1038 3585 1164 3650 indignati,
1174 3587 1240 3651 quud

145 3673 177 3722 ad
194 3670 276 3736 grauia
294 3677 319 3720 et
336 3671 417 3736 iniqua
435 3672 572 3722 trabautm:
590 3669 695 3727 tandem,
711 3683 765 3718 cum
782 3668 868 3718 mium
886 3667 911 3716 id
923 3667 1019 3718 ntiuimc
1029 3673 1113 3730 enecet,
1123 3665 1241 3732 compulei

144 3752 259 3808 tenuntur,
272 3751 408 3815 cedumque
421 3749 483 3814 jam,
498 3756 524 3800 et
534 3749 694 3807 cuneeutlunt,
704 3747 769 3812 quod
777 3747 839 3812 juni
848 3753 904 3798 tuot
914 3749 1000 3798 iacere.
1015 3747 1071 3796 ltine
1080 3748 1170 3796 iterem
1179 3745 1240 3810 igui-

145 3831 207 3890 culo,
217 3839 388 3896 aspectumque
399 3831 472 3896 ipeluu
486 3845 609 3880 corutcum
621 3827 759 3895 lnaplciom.
770 3845 840 3894 quem
849 3828 949 3880 intuitui
959 3829 1049 3892 auriqn,
1061 3825 1241 3892 pulchritudinin

144 3909 217 3972 ipeiur
226 3919 334 3962 nauuam
345 3911 455 3962 memorie
465 3911 559 3976 repetit,
575 3927 700 3976 rureueque
718 3909 782 3960 illam
801 3925 856 3960 cum
874 3908 1030 3972 temperantia
1044 3907 1127 3964 cernit.
1138 3905 1164 3952 ln
1174 3910 1241 3952 cauto

145 3991 299 4044 iudummto
316 3993 412 4048 firmiter
427 3993 575 4044 colonatum.
593 3993 677 4042 rident
693 3999 772 4042 autem
791 3991 885 4048 metuit.
904 4005 933 4040 ec
949 4003 996 4052 pru
1012 3984 1142 4036 mummia
1156 3980 1241 4032 recidit

144 4073 256 4135 eupinuee
275 4073 316 4122 ubi
332 4073 448 4138 druulque
458 4074 550 4137 cuntur
561 4089 634 4138 unque
644 4074 705 4125 udeu
716 4074 819 4122 babenen
829 4071 953 4129 retrabere,
963 4075 990 4118 ut
1000 4067 1056 4130 equi
1066 4065 1136 4116 ambo
1146 4061 1242 4112 lemod-
1306 4066 1312 4076 ¹

145 4149 188 4202 bur
198 4160 240 4200 aut
248 4153 344 4202 natibue
353 4153 419 4204 humi
430 4153 566 4213 mddeantc
581 4154 623 4202 red
641 4153 700 4202 alter
716 4153 812 4216 quidem
829 4157 924 4213 sponte,
933 4148 990 4212 qula
1000 4144 1096 4196 minima
1105 4143 1242 4200 murentur·

143 4245 227 4292 procu
237 4239 318 4282 autem
328 4248 404 4296 equor
414 4233 473 4286 alter
483 4247 575 4297 prorem
586 4231 682 4281 inuitur.
715 4231 820 4294 lougius
834 4243 889 4278 vcro
907 4227 1064 4281 discedentet.
1074 4223 1133 4272 alter
1143 4221 1240 4287 quidem

144 4317 239 4374 propter
248 4313 414 4363 uerecundiam
423 4311 649 4375 admirationemque
660 4311 744 4360 eudone
755 4317 828 4358 totam
839 4308 940 4358 aninam
948 4303 1092 4362 medetacit:
1109 4303 1167 4354 aiter
1175 4317 1240 4360 reno.

143 4403 157 4436 a
172 4390 254 4440 dolore
271 4391 391 4448 liberatum
409 4407 480 4456 quern
498 4399 525 4440 et
539 4391 630 4440 lreuum
640 4397 666 4438 et
675 4403 743 4440 caeru
753 4388 889 4443 iuncum,
900 4386 939 4436 rit
948 4387 1043 4436 tandem
1053 4384 1158 4449 rnopieot,
1166 4391 1242 4448 atqae

142 4468 289 4533 complicent,
298 4469 463 4534 mumdum
474 4477 551 4522 ututur
561 4470 664 4534 uaiqam
672 4470 805 4533 iquuruque
810 4466 967 4532 conjunctum
976 4465 1091 4532 irrumpet,
1101 4464 1168 4531 quod
1177 4460 1239 4514 uat-
1248 4479 1250 4484 ’
