3150 5316
157 518 241 596 ιιι]
330 569 333 580 .
593 511 840 577 coevrvrusr.
1198 521 1259 582 eru

158 685 301 740 munem.
335 670 365 720 lit
376 669 396 718 ri
406 668 474 734 sequi
483 668 562 732 deret,
572 669 641 734 qued
649 669 673 718 le
684 667 764 734 sp'eeie
772 669 905 734 pulchrum.
914 669 1040 720 sbeurdnns
1049 677 1086 722 est
1094 673 1189 722 credere
1197 688 1260 730 sem,

157 767 213 820 qe·
223 753 332 802 omibus
342 750 479 816 corporibus
490 749 560 814 inest,
577 762 625 800 uon
636 765 707 800 unum
717 751 865 816 eundemque
875 750 1075 815 pulchritudinem
1084 767 1144 802 essu.
1178 753 1260 818 Ecqui

158 835 204 884 ltuc
215 833 325 895 sdiertlt,
335 833 439 882 omnium
451 830 590 896 simpliciter
600 831 750 895 pulclsrorues
760 845 883 896 corporum
896 829 986 881 erector
996 834 1095 882 eredere
1103 833 1184 891 debet,
1195 848 1259 882 emu-

156 915 191 963 ris
199 923 278 963 sumus
289 927 345 978 erge
355 925 429 961 uuum
437 911 609 961 vehementium
621 912 665 960 lese
676 911 766 964 nuoee
778 911 895 961 remittere
911 920 984 977 etque
996 912 1065 961 unius
1075 913 1180 977 speciem
1191 915 1257 978 persi

155 995 243 1044 lucem
275 993 335 1043 Post
346 994 396 1042 hec
407 991 682 1057 pulchritudinemque
691 990 774 1040 enimis
784 991 855 1054 inest,
865 992 915 1050 ills,
925 1007 980 1056 que
989 993 1015 1040 irs
1025 1007 1133 1058 corpore,
1145 999 1259 1058 pruten-

157 1074 241 1124 tioresn
258 1074 385 1130 cslsdmet,
396 1074 458 1122 sdeu
475 1080 502 1122 ut
516 1072 535 1121 si
552 1072 606 1137 quis
621 1071 695 1120 selml
711 1071 809 1136 ingenui
825 1072 865 1134 sit,
877 1073 984 1137 qssrnrls
995 1073 1070 1121 lenus
1086 1074 1191 1138 corporis
1207 1073 1259 1124 eills

155 1155 297 1221 quibusdem
305 1155 385 1210 eedst,
396 1155 501 1202 sufficere
512 1161 590 1202 temen
601 1152 724 1201 arbitretur
734 1160 760 1202 et
774 1159 838 1201 eruet
848 1161 961 1220 curetque
972 1161 997 1202 et
1007 1153 1112 1203 rationes
1121 1152 1259 1218 hujusmodl

156 1235 234 1299 periet
244 1243 381 1299 ansrstqne
397 1247 514 1283 sermones
530 1248 621 1292 ornem,
637 1234 679 1298 qul
697 1234 794 1283 reddere
813 1232 919 1282 meliores
930 1234 1094 1283 edulesoentus
1102 1235 1212 1298 possint:
1229 1242 1258 1284 ut

155 1313 213 1364 hinc
223 1316 254 1362 sd
267 1314 474 1379 pulchritudinem,
483 1328 538 1378 que
548 1314 572 1362 irs
584 1313 667 1364 officiis
678 1329 707 1364 sc
727 1314 818 1380 legibue
829 1315 952 1379 reperitur,
968 1311 1140 1377 inspiciendum
1151 1315 1259 1371 ducetur,

153 1395 321 1458 intelllgstque
331 1393 394 1441 lllsru
406 1406 499 1442 omnem
511 1391 614 1458 sibiipsi
631 1393 769 1442 uniiormesn
787 1402 960 1458 cognatumque
969 1393 1077 1451 resistere,
1090 1400 1117 1442 ut
1128 1409 1193 1458 essu,
1203 1410 1258 1460 qum

153 1475 220 1524 cites
235 1471 320 1539 corpus
336 1481 381 1532 est,
392 1473 590 1538 pulchritudinem
606 1475 672 1539 perri
690 1473 770 1524 iscist.
803 1475 863 1524 Post
879 1473 959 1524 officis
978 1473 1091 1539 legesque
1108 1475 1138 1523 sd
1149 1475 1258 1524 scientiss

53 1561 56 1566 '
154 1561 269 1612 tmssseet,
285 1562 313 1602 ιιι
328 1551 478 1602 scientiarum
494 1553 693 1618 pulchritudinem
709 1555 898 1620 contempleturt
918 1555 1023 1620 dureque
1042 1554 1078 1613 id,
1096 1554 1160 1619 quod
1179 1554 1258 1618 smple

152 1636 268 1685 eseberst
277 1633 459 1699 pulchritudine,
469 1641 603 1696 contuetur,
614 1635 677 1683 lssud
696 1635 799 1699 emplius
817 1644 930 1702 tenqusrn
948 1635 1091 1698 msuclpiuru
1103 1635 1172 1683 unius
1183 1634 1258 1699 puelli

153 1717 260 1780 speeiem
277 1715 412 1771 sdmitetur,
430 1729 509 1780 neque
525 1715 595 1764 nnlns
613 1715 714 1764 hominis
731 1717 769 1766 rel
785 1717 855 1767 cilicii
873 1717 1049 1783 pulchritudine
1066 1716 1096 1764 sit
1114 1722 1256 1764 contentuss

153 1791 210 1844 suern
220 1795 325 1859 quisquis
335 1795 360 1842 ln
371 1795 417 1844 hoe
429 1794 555 1859 delinquit,
566 1795 634 1844 exilis
649 1805 673 1845 et
690 1796 797 1860 sbjeetue
816 1807 853 1847 est
870 1813 963 1847 serenes
980 1811 1058 1846 rerum
1078 1797 1102 1845 iu
1113 1796 1256 1861 profundum

153 1873 338 1940 pulchritudinis
346 1887 372 1924 se
384 1875 482 1940 pelsgus
493 1883 592 1939 muger,
603 1876 643 1924 ubi
654 1876 708 1941 ipsu
717 1876 805 1926 intuitu
816 1877 902 1926 multse
913 1878 1034 1943 precium
1041 1877 1113 1942 etque
1122 1875 1258 1941 megnldcss

153 1957 257 2005 essiones
267 1955 482 2020 intelligentiaque
498 1957 522 2004 ln
542 1955 696 2020 philosophie
713 1957 809 2006 sbnnde
826 1958 909 2022 periet,
921 1959 998 2008 doure
1015 1957 1048 2006 ibi
1065 1957 1216 2007 confirmetus
1232 1961 1258 2004 et

154 2038 277 2085 robustus
296 2035 418 2085 seiemiern
432 2036 483 2100 jere
504 2051 574 2085 umens
586 2037 657 2086 tslern
668 2037 796 2094 intuatur,
806 2053 863 2102 que
872 2037 963 2102 pulchri
974 2037 1026 2086 telis
1037 2036 1136 2086 exsistit.
1169 2037 1257 2085 Acium

153 2131 211 2165 sere
222 2131 286 2165 nnnc
297 2117 381 2166 neniis
394 2131 435 2180 pro
446 2115 535 2166 viribon
544 2116 641 2167 redhibe.
673 2116 820 2181 Quicunque
830 2118 953 2182 hueusque
965 2127 1007 2181 per
1018 2115 1130 2164 eruetorie
1140 2115 1256 2180 qredstitu

153 2197 288 2260 deducitur,
299 2197 456 2262 rectu-ordene
468 2197 567 2262 pulchre
576 2197 685 2255 intuitus,
693 2199 723 2246 ed
736 2197 807 2246 inem
816 2197 866 2261 jem
878 2197 986 2247 emeterii
996 2193 1096 2244 effeetus
1106 2193 1256 2259 perrmrlens,

152 2277 233 2326 mutes
244 2279 361 2341 quendem
373 2287 456 2326 nesure
468 2279 597 2328 ruirsbileru
608 2278 720 2344 inspiciet
729 2277 939 2343 pulchritudinem.
971 2276 1026 2326 lloe
1042 2276 1114 2333 iliud,
1125 2274 1194 2339 cujus
1205 2289 1256 2341 gre·

152 2357 188 2406 tis
198 2357 290 2406 leborse
300 2373 382 2408 ornnes
392 2360 553 2424 precedentes
564 2359 701 2409 subivimus.
719 2359 837 2423 principio
847 2359 944 2424 quidem
954 2373 1047 2422 semper
1057 2363 1103 2418 est,
1119 2357 1193 2422 [ill]
1211 2371 1257 2406 neo

151 2437 181 2486 dt
191 2453 235 2486 nee
244 2437 343 2499 inlerit;
358 2453 436 2503 oeque
446 2440 531 2489 crescit
541 2454 646 2504 unquem
664 2453 742 2503 neqm
760 2439 892 2489 decrescit:
910 2447 1023 2504 perstem
1031 2451 1079 2486 nun
1091 2439 1136 2487 hee
1146 2452 1175 2486 es
1188 2444 1255 2500 perte

152 2518 285 2582 pulchrum,
302 2533 332 2568 ce
347 2518 387 2566 ills
407 2526 476 2582 turpe
485 2535 493 2580 ;
509 2519 547 2569 rel
567 2527 617 2568 tuns
637 2519 769 2584 pulchrum,
781 2528 831 2569 tum
844 2520 954 2568 minime:
972 2518 1090 2584 nequead
1102 2519 1148 2566 hnc
1158 2517 1255 2582 quidem

151 2585 287 2664 pulchrum,
298 2607 366 2663 turpe
377 2615 432 2648 rere
443 2602 473 2648 ecl
483 2600 542 2650 illud
553 2619 559 2648 ι
578 2601 615 2650 rel
627 2601 666 2652 hic
677 2601 809 2666 pulchrum,
820 2601 938 2665 ilslturpe,
947 2599 1123 2664 utquibnsderu
1131 2597 1256 2662 pulchrum

150 2680 193 2736 fii·
204 2679 345 2742 quibusdem
355 2695 411 2728 vero
428 2695 586 2746 nequeqnern.
617 2681 704 2747 Neque
721 2697 798 2731 rursus
814 2682 983 2747 imuqinetione
998 2680 1101 2745 quedem
1112 2679 1188 2742 ipsum
1201 2677 1256 2743 pnl-

150 2759 234 2808 cirruns
251 2755 284 2806 lte
294 2758 403 2824 fingetur,
414 2760 481 2824 qussi
493 2761 572 2810 eultes
583 2763 681 2826 pulcher
691 2763 728 2814 rel
740 2762 845 2827 pulchre
855 2777 938 2811 menne
950 2769 991 2810 sut
1001 2761 1066 2810 eliud
1077 2761 1202 2825 quiddsm,
1212 2775 1257 2810 cu·

147 2838 191 2903 jus
208 2853 294 2903 corpeus
305 2847 341 2888 est
352 2841 486 2906 pertieepsr
504 2855 583 2906 neque
598 2849 625 2891 ut
641 2843 715 2892 cretio
733 2844 842 2908 quedem
855 2842 891 2892 ecl
908 2843 967 2892 retio
977 2849 1019 2891 eut
1029 2841 1127 2890 scientis
1138 2839 1257 2904 quedem.

150 2918 240 2985 Neque
251 2921 275 2968 ln
287 2919 334 2968 elio
349 2919 430 2984 jsecre
441 2922 571 2985 presbiter,
582 2923 647 2971 eelut
665 2923 690 2971 ln
708 2923 804 2973 enimsli
816 2922 853 2973 rel
865 2929 925 2972 teres
935 2922 973 2971 rel
984 2920 1046 2970 emlo
1058 2927 1100 2969 sut
1110 2918 1159 2970 elio
1169 2918 1257 2983 quopl·

151 3015 208 3060 serp
224 3001 265 3049 sed
277 3001 301 3048 id
313 3001 392 3066 ipsum
403 3017 446 3067 per
456 3016 482 3052 ee
493 3003 570 3068 ipsum
586 3019 641 3053 euru
660 3005 786 3069 semetipso
803 3003 919 3054 unilornse
930 3017 1024 3066 semper
1033 3000 1160 3050 ermetem:
1177 3007 1257 3050 cetere

142 3092 208 3134 ,sese
218 3082 307 3139 temnis,
318 3096 373 3145 quse
384 3084 480 3148 pulchre
492 3093 556 3142 sunt,
570 3086 634 3134 illiue
652 3085 832 3150 pertieipstione
849 3085 956 3150 pulchre,
967 3099 997 3132 es
1007 3082 1098 3132 scilicet
1107 3080 1257 3137 conditione,

151 3165 181 3210 ut
191 3163 341 3212 ducentibus
350 3171 376 3212 et
386 3165 558 3214 intereuntibus
568 3166 621 3216 eliis
629 3167 688 3215 nillil
700 3167 849 3214 subtrehutur
857 3165 894 3214 illi
905 3171 947 3214 sut
956 3165 1066 3220 eddstur,
1076 3177 1155 3226 neqm
1165 3159 1256 3223 pestili-

149 3255 205 3292 ποι
217 3244 287 3292 uilem
297 3245 408 3292 incurret.
441 3245 545 3301 Qusndo
557 3259 611 3293 reru
623 3246 652 3291 eb
663 3245 700 3291 his
712 3245 798 3306 eliquis
809 3243 914 3307 legitime
924 3244 1028 3292 emendo
1037 3241 1181 3294 escendene,
1195 3236 1255 3286 illud

148 3326 228 3390 ipsuum
246 3324 370 3387 pulchrum
387 3323 505 3388 suspicere
523 3324 617 3389 incipit,
629 3325 702 3371 lerme
718 3322 768 3385 jsnr
787 3323 857 3370 linere
876 3323 979 3385 sttlngit.
997 3323 1044 3369 hoe
1054 3315 1090 3368 ist
1102 3317 1212 3382 proiectu
1222 3315 1255 3364 sd

147 3403 265 3453 smstoris
282 3411 346 3452 reete
358 3417 453 3467 pergere
465 3403 501 3452 rei
514 3407 544 3452 sb
555 3404 603 3452 elio
613 3403 680 3460 duci,
690 3402 787 3467 qusndo
799 3401 910 3450 videlieet
921 3401 962 3464 qui
975 3400 1005 3447 eb
1016 3399 1053 3446 his
1063 3397 1168 3461 pulchris
1180 3395 1256 3459 gestis

148 3483 243 3547 pulchri
254 3483 318 3532 illiue
326 3485 456 3532 :mendene
467 3484 561 3548 incipit,
573 3483 639 3548 qussi
650 3482 790 3546 quibusdem
801 3480 911 3544 gradibus
923 3487 1002 3536 utens,
1012 3485 1084 3542 elque
1095 3477 1126 3524 sb
1140 3491 1189 3524 uno
1207 3475 1256 3539 pri-

149 3571 214 3611 rnuns
227 3564 251 3612 in
262 3565 311 3612 duo
323 3565 445 3621 heusiens,
457 3569 506 3612 ets
517 3564 610 3611 duobus
620 3563 645 3610 iu
657 3561 746 3617 omnis,
755 3575 808 3625 quus
821 3559 918 3624 pulchre
934 3567 998 3620 sunt,
1008 3569 1124 3620 corpore;
1141 3555 1171 3602 eh
1182 3554 1219 3603 his
1229 3554 1254 3602 lu

149 3643 230 3691 omnis
242 3643 318 3694 officis
329 3644 435 3710 pulchre,
445 3659 461 3692 e
472 3643 575 3708 pulchris
585 3643 668 3692 officiis
678 3645 709 3692 sd
721 3643 840 3692 doctrines
852 3639 960 3705 pulchris
971 3651 1106 3693 conversus,
1117 3650 1132 3683 e
1142 3633 1258 3685 doctrinis

149 3723 255 3787 deniqne
266 3724 345 3774 multis
357 3726 381 3774 in
400 3725 464 3775 illem
483 3725 614 3777 doctrinern
626 3726 775 3789 perveniens,
785 3739 840 3788 qure
850 3737 898 3770 nne
909 3719 1004 3770 ulterius
1015 3725 1051 3767 est
1061 3731 1131 3782 quens
1141 3715 1206 3763 illius
1217 3715 1260 3779 ἰρι·

149 3805 200 3853 sius
212 3805 302 3869 pulchri
312 3807 436 3855 doctrines
454 3815 526 3871 etque
543 3807 579 3855 ite
598 3807 701 3864 demunt,
711 3805 769 3870 qnid
787 3803 865 3868 ipsum
886 3801 1008 3866 pulchrum
1019 3799 1059 3856 sit,
1070 3795 1254 3860 contempletur.

149 3884 181 3932 In
193 3885 238 3935 lsoc
250 3886 333 3950 ntique
344 3887 399 3936 etse
409 3893 483 3945 stetu,
495 3902 510 3936 n
521 3887 641 3952 Sortem,
654 3887 673 3934 si
691 3899 789 3949 nequens
809 3883 875 3939 elihl,
887 3878 976 3929 homini
988 3877 1100 3928 videlicet
1110 3875 1188 3940 ipsurn
1200 3875 1259 3939 pul·-

148 3963 232 4016 clsruns
245 3967 362 4030 spectenti
377 3967 514 4019 visendum.
531 3969 596 4033 quud
608 3969 627 4016 si
643 3969 740 4031 qusndo
751 3964 846 4020 rideris,
859 3975 930 4028 supre
940 3975 1011 4026 qusru
1022 3959 1070 4008 dici
1082 3956 1157 4022 possit
1168 3955 1255 4019 pretio·

151 4047 201 4094 siue
211 4059 267 4092 suro
278 4045 413 4112 crustisque
423 4049 529 4098 restibus
539 4059 565 4097 et
576 4049 678 4114 pulchris
690 4049 768 4112 pueris
784 4037 1021 4106 adulescentibusrpre
1037 4037 1154 4089 censebis.
1186 4035 1258 4093 Quos

149 4141 215 4176 nunc
226 4132 251 4174 et
261 4133 286 4172 tu
298 4133 322 4174 et
333 4128 373 4175 elii
385 4130 453 4178 multi
464 4131 521 4178 durs
537 4131 659 4194 spectetis,
670 4129 769 4177 nimium
785 4124 963 4190 obstupescitis,
974 4131 997 4172 et
1014 4121 1033 4170 si
1050 4119 1099 4168 heri
1111 4125 1200 4184 posset,
1211 4117 1255 4166 eli·

150 4205 237 4273 geretis
248 4205 371 4255 interillos
382 4223 475 4273 semper
485 4210 539 4258 cibo
551 4219 657 4273 potuque
668 4209 776 4273 neglecto
787 4207 882 4256 rcrenri.
914 4205 993 4262 Quem
1012 4201 1069 4250 ielis
1085 4200 1145 4248 illud
1162 4205 1255 4263 specte·

150 4287 230 4337 culum
242 4287 292 4335 lore
303 4296 421 4352 putemus,
433 4289 455 4336 si
466 4289 505 4338 eui
516 4290 649 4352 eontigerit,
662 4295 688 4335 ut
699 4289 775 4352 ipsun
788 4286 910 4350 pulchrum
922 4284 1047 4336 intuentur,
1059 4280 1183 4337 sincerum,
1193 4278 1258 4328 inte·

152 4380 228 4432 grurn,
238 4383 330 4431 pururn,
342 4368 448 4433 simplus,
461 4385 509 4416 ιιοιι
521 4370 629 4416 humenis
645 4369 763 4428 cernisne,
774 4367 902 4422 coloribus,
913 4379 962 4413 nnn
974 4361 1027 4412 eliis
1038 4359 1174 4410 morteiibus
1184 4359 1255 4424 nugis

152 4449 354 4496 menisminetunr:
372 4450 414 4497 sed
425 4451 504 4513 ipsum
516 4450 644 4497 secundum
656 4465 681 4497 so
694 4449 815 4513 pulchrum
826 4447 932 4495 divinum
949 4444 1069 4509 inspiciet.
1103 4439 1169 4490 Num
1181 4441 1251 4490 ritem

155 4527 289 4591 hujusmodi
301 4530 366 4595 perui
375 4529 457 4580 iscis?
474 4529 577 4580 hominis
586 4531 696 4584 videlicet
708 4530 791 4596 ipsius,
810 4523 885 4593 [ili]
902 4529 944 4592 qui
962 4527 1018 4578 illuc
1033 4526 1141 4596 suspicit,
1153 4524 1194 4590 qul
1205 4530 1252 4572 lesu
