3144 5310
130 527 202 606 ιιι]
577 480 771 588 nonoris
1163 535 1224 594 mu

129 693 251 736 meumes
259 687 322 736 hoec
332 685 382 750 ipse
391 691 513 748 ertemque
522 682 575 746 ejus
585 683 736 734 nihilominus
746 692 919 751 contemneres,
930 703 958 738 ec
969 687 1034 738 reiut
1045 705 1087 753 per
1097 699 1219 741 metume-

128 764 185 814 liem
200 765 366 816 mscbieerium
377 764 499 821 vociteree,
511 779 555 813 nec
571 763 624 827 ejus
638 764 687 812 filiu
706 766 797 814 cedere
812 764 884 814 flliern
895 773 959 816 tuem
971 767 1052 825 selles,
1063 783 1140 832 neque
1150 771 1222 820 etiem

129 853 156 894 tn
167 845 238 894 ilium
249 845 300 909 ejus
314 845 441 910 adpetes
474 843 589 901 Quemvis
603 860 631 892 es
649 844 735 908 quibus
752 847 882 894 redonibus
896 847 1032 898 iscoltetenr
1049 857 1113 898 tuero
1132 851 1225 912 leudes,

128 940 231 988 qoosern
239 934 309 990 pecto
320 926 357 976 sei
370 923 537 976 coschinerium
548 923 587 972 sel
602 923 672 984 elios,
686 941 747 988 quos
757 926 829 989 puolo
839 935 895 974 ente
905 929 1095 986 commemoreri,
1100 929 1166 991 juste
1178 945 1223 994 pe-

127 1004 183 1054 teris
191 1007 326 1070 ιιρειιιιιὶ.)
360 1005 486 1054 Dictorum
497 1020 549 1054 esse
562 1013 586 1052 te
604 1005 711 1066 erbitror,
723 1005 840 1056 meliorem
858 1014 881 1056 te
892 1023 952 1064 esse,
963 1015 1035 1073 etque
1045 1025 1074 1057 ex
1086 1009 1222 1058 melioribus

128 1092 212 1134 onem.
244 1085 326 1149 ipsum
337 1101 392 1134 reso
411 1087 476 1149 quod
492 1084 576 1134 melios
591 1083 720 1140 tlicitur‚ei
735 1083 784 1134 oon
799 1095 835 1135 est
851 1085 875 1134 id
892 1087 958 1151 quod
977 1103 1022 1152 ego
1039 1089 1103 1146 dico,
1113 1090 1156 1138 sed
1172 1089 1220 1138 hoc

127 1163 203 1228 ipsum
214 1166 344 1228 virtusne,
360 1176 449 1214 secrete
467 1181 493 1214 ee
511 1166 590 1230 ipsum
609 1163 781 1229 queliseunque
796 1167 836 1222 sit,
845 1173 916 1230 etque
924 1181 982 1216 sue:
998 1175 1061 1217 certe
1069 1169 1169 1219 ridicule
1179 1169 1223 1217 tibi

126 1243 268 1309 eitepesetio
278 1253 315 1294 est
323 1247 434 1294 edrenos
441 1245 607 1294 mechiuerium
618 1245 656 1294 rel
668 1245 785 1294 medicum
795 1245 883 1294 diesve
898 1254 969 1305 ertes,
978 1255 1130 1313 quotcunque
1141 1249 1223 1298 selntie

126 1325 202 1388 gretie
211 1326 388 1376 surtinseutts.
422 1325 542 1380 Ceterum,
552 1341 567 1373 o
578 1325 656 1381 besto,
667 1324 722 1372 ride
733 1340 764 1373 ue
780 1323 843 1372 eliud
856 1325 887 1374 sit
895 1341 1033 1389 generosum
1043 1335 1116 1391 etque
1126 1329 1223 1390 bonnm,

126 1417 198 1466 quem
208 1419 300 1455 serrsse
310 1412 383 1469 etque
393 1404 487 1454 eerreri.
519 1404 607 1469 Neque
617 1404 681 1454 enim
692 1404 771 1454 sisere
787 1405 825 1454 hic
844 1413 1055 1470 queotusnounque
1065 1414 1167 1471 tempus,
1178 1421 1222 1472 op-

126 1484 226 1538 tendum
234 1492 272 1534 eet
284 1484 343 1545 riso,
352 1484 393 1548 qui
404 1500 457 1534 sere
469 1483 501 1532 sit
510 1483 559 1532 ris:
577 1499 655 1548 neque
666 1484 715 1532 rite
723 1485 775 1534 hec
784 1486 886 1534 emendo
896 1493 942 1542 eet,
951 1487 994 1534 sed
1004 1487 1066 1536 henc
1077 1487 1132 1536 Deo
1142 1501 1222 1536 cerens

125 1562 259 1626 relinquere
267 1564 380 1613 deberem
390 1581 397 1611 ι
414 1552 596 1628 mulieribusque
606 1563 654 1612 tide
666 1563 783 1620 edhibite,
792 1563 927 1614 dicentibus
941 1565 1060 1614 nemiuem
1070 1566 1143 1616 sltere
1154 1579 1224 1631 posse

126 1642 213 1700 letum,
223 1643 249 1691 id
261 1644 286 1691 iu
297 1643 377 1708 primis
388 1642 545 1698 considerent,
554 1658 601 1707 que
612 1643 703 1692 rstioue
712 1643 737 1692 io
747 1645 793 1692 hoe
803 1643 857 1708 ipso
867 1652 982 1709 ternpore,
993 1660 1041 1710 quo
1052 1646 1100 1694 site
1109 1644 1225 1711 iungitur,

124 1737 200 1786 quem
210 1723 302 1786 optime
312 1722 383 1771 vivet.
417 1721 531 1786 Nuuqoid
543 1721 642 1779 uiribus,
652 1723 792 1786 quibuscum
801 1724 870 1785 risit,
877 1725 1017 1788 persimilem
1034 1725 1109 1790 [tlt]
1125 1741 1151 1776 ee
1161 1741 1223 1792 pre·

125 1802 232 1851 stendoi
248 1810 274 1850 et
284 1802 391 1866 uunquid
402 1808 511 1866 oportent
521 1809 545 1851 te
561 1817 624 1851 nunc
642 1802 784 1852 similimum
795 1803 894 1852 eredere
904 1803 1082 1856 Atheniensium
1091 1806 1223 1872 popnlo,si

124 1880 218 1938 emious
228 1881 285 1931 huic
294 1881 327 1930 sis
337 1880 428 1930 iuturus
439 1897 577 1946 megneqsm
586 1881 732 1930 suctositstis
742 1879 769 1930 in
780 1881 887 1947 popolo?
920 1881 1136 1948 Considersigitun
1144 1893 1223 1937 utrum

124 1959 153 2012 ‘td
164 1959 209 2008 tibi
220 1960 326 2026 mihique
337 1961 458 2026 expediet,
469 1949 562 2010 nane:
575 1975 639 2018 „nere
649 1959 674 2008 id
690 1959 768 2018 nobis,
779 1977 794 2009 c
805 1961 874 2010 beete
884 1961 927 2018 sir,
937 1963 1040 2020 eveniet,
1049 1964 1115 2028 quod
1124 1963 1224 2014 Tbesee·

123 2038 179 2088 licie
190 2039 325 2090 mulieribus
343 2041 517 2092 deducentibus
534 2041 613 2090 luoem
630 2041 725 2090 evenire
739 2042 843 2098 trsdoot,
852 2056 907 2090 com
923 2041 1069 2092 suriciseiruis
1078 2043 1145 2108 optio
1154 2045 1224 2094 nohis

124 2119 158 2170 sit
173 2119 244 2184 hujus
263 2121 384 2184 ροίοιιιίι.
417 2121 444 2170 Si
465 2127 544 2170 eutem
559 2121 611 2186 ipse
628 2129 708 2186 putes,
725 2121 861 2187 quempian
877 2121 999 2172 hominnm
1014 2130 1087 2172 utem
1104 2123 1224 2186 quendem

123 2198 400 2264 ejusmoditseditumm,
410 2218 534 2267 perquem
546 2201 571 2252 in
585 2202 683 2252 uisitetc
702 2203 746 2252 bec
765 2211 850 2266 potens
861 2199 979 2264 afficieris,
991 2202 1097 2265 quemvis
1107 2203 1224 2266 merse-

124 2277 187 2327 tioni
198 2279 299 2344 publice
310 2282 341 2330 sis
351 2282 479 2340 dissimilis,
496 2281 545 2330 eise
560 2281 643 2329 melior
658 2280 707 2328 sire
725 2280 838 2337 deterior,
848 2281 1032 2343 beudquequern
1041 2287 1115 2338 recte,
1125 2289 1154 2328 ut
1164 2282 1223 2330 mni

123 2358 226 2414 ridetur,
236 2377 251 2407 u
263 2359 381 2416 cuttctes.
391 2359 491 2424 cuein.
523 2359 580 2408 Nou
591 2357 656 2409 euim
672 2358 823 2417 imitemem,
833 2373 913 2406 serum
923 2359 976 2421 ipss
985 2365 1069 2408 ostnse
1078 2359 1220 2422 porsimilem

122 2451 177 2486 esse
188 2437 216 2486 iis
226 2437 359 2500 oportet,ei
370 2454 480 2503 magnum
496 2438 586 2502 eliquid
605 2445 754 2486 essecuturus
772 2437 804 2486 sie
819 2437 850 2486 ed
870 2437 1058 2488 benevolentiem
1069 2439 1222 2492 Atheniensis

123 2513 446 2580 populicompsrendemeo
462 2533 505 2582 per
522 2518 607 2568 iorem
624 2518 720 2580 insuper
737 2515 878 2581 Pyrilsmpi.
911 2518 1025 2582 Quisquis
1043 2525 1068 2567 te
1085 2520 1122 2568 bis
1133 2521 1222 2570 efficiet

122 2595 267 2653 similem,is
286 2596 366 2654 ieciet,
382 2597 582 2661 qoemedmodum
597 2597 675 2662 cupis,
687 2603 712 2644 ut
730 2595 806 2643 civilis
824 2595 855 2644 ele
873 2603 945 2660 etque
960 2597 1095 2648 rhetoricos.
1115 2598 1223 2664 ¹Rumpe

122 2691 209 2726 emnee
219 2675 250 2724 iis
261 2677 347 2734 serbis,
357 2692 410 2742 que
421 2678 471 2727 suis
485 2677 588 2727 moribus
606 2684 766 2726 consentanee
782 2681 845 2732 sunt,
856 2675 1011 2734 delectentur,
1022 2677 1166 2742 diversisque
1174 2685 1224 2727 tor·

125 2757 221 2806 beetur.
254 2755 347 2805 Nisitu
359 2757 570 2822 iorte,olepidu·
579 2755 839 2822 comunionem.
871 2755 1015 2806 Dicemueue
1023 2756 1223 2821 eliquidedhec,

124 2853 139 2884 o
151 2836 280 2886 Cellicles?
314 2837 379 2888 Cer..
394 2837 485 2887 Nescio
496 2839 617 2901 quomodo
627 2839 689 2886 bene
700 2836 780 2886 dicere
796 2836 855 2886 mibi
866 2835 962 2898 videris,
979 2838 1124 2888 oSocretce.
1142 2837 1222 2886 evenit

123 2915 183 2966 mibi
193 2924 281 2977 umen,
297 2919 362 2984 quod
373 2916 452 2968 moitis
463 2915 571 2967 socidere
589 2917 641 2966 eliis
658 2918 797 2966 consuevit:
814 2931 869 2965 uem
888 2917 952 2966 hsod
967 2931 1075 2982 msgoem
1090 2917 1220 2966 tibibebeo

125 2997 204 3047 tuem.
237 2997 279 3048 So.
294 2997 370 3048 Amor
384 2998 504 3063 populi,o
523 2995 645 3055 Cellicles,
655 3003 698 3046 tuo
716 2995 801 3046 insitus
819 2997 908 3054 eniruo,
926 2996 1012 3046 resistit
1027 2997 1094 3047 mihi.
1112 2996 1221 3048 semmei

36 3109 40 3116 .
124 3078 212 3142 septus
228 3077 358 3144 meliusque
376 3080 428 3128 bec
445 3077 530 3128 eedem
546 3078 779 3142 eonsidemerimus,
789 3077 833 3126 tibi
849 3078 909 3128 iuste
926 3077 1057 3142 psobebilie
1068 3078 1219 3128 videbuntur.

124 3154 259 3208 Reccrdere
269 3159 350 3224 igitur,
360 3161 418 3210 dues
429 3175 444 3210 e
454 3159 523 3208 nobis
533 3166 635 3208 nemetes
646 3175 697 3208 esse
710 3159 901 3224 preperstiones,
912 3165 960 3206 tem
969 3159 1000 3207 ed
1009 3172 1105 3222 corpus,
1112 3159 1178 3221 quod
1188 3158 1220 3206 sd

125 3239 229 3288 trunsum
244 3239 399 3303 pestiumtes:
416 3255 516 3306 querum
531 3240 605 3290 eltere
621 3239 717 3303 quidem
734 3239 817 3287 tendet
826 3239 857 3286 ed
877 3237 1031 3300 voluptetens,
1040 3237 1114 3285 eitere
1124 3251 1178 3283 sero
1189 3235 1220 3283 ed

125 3317 224 3383 idquod
234 3319 318 3370 melius
336 3329 381 3378 est,
398 3337 447 3370 nou
465 3319 609 3385 meliboeus,
620 3319 662 3366 sed
678 3333 821 3382 repugnens.
853 3315 941 3364 Nonne
951 3317 1002 3364 hec
1021 3315 1046 3362 in
1062 3313 1220 3377 superioribus

124 3397 288 3450 definivimus?
320 3399 386 3451 Cer..
402 3400 507 3450 Prorsus.
540 3399 583 3448 So.
600 3397 694 3460 thne
710 3397 857 3446 declineted
869 3394 1024 3458 voluptstem,
1034 3393 1132 3448 servilis,
1142 3407 1220 3456 neque

125 3479 251 3541 quicquum
261 3479 327 3530 eliud
341 3489 379 3530 eet
395 3495 466 3545 quens
476 3479 592 3530 eduletio.
610 3492 689 3526 nonne
700 3475 749 3524 ite?
783 3476 847 3530 cru
864 3473 923 3522 Esto
933 3474 1039 3537 quidem,
1050 3471 1121 3521 sitlbi
1133 3471 1219 3536 plecet.

124 3557 169 3608 So.
186 3557 266 3610 Altese
276 3560 431 3618 remordet,
443 3567 469 3608 nt
479 3575 550 3624 quem
568 3557 683 3621 optimum
698 3556 738 3610 sit,
749 3556 813 3620 quod
829 3569 946 3610 commus,
957 3552 1007 3601 sire
1020 3552 1099 3600 suisne
1108 3551 1157 3602 sive
1168 3567 1221 3602 cur·

123 3655 177 3702 pus.
210 3639 275 3690 Cer..
290 3641 404 3690 Omnino.
437 3639 480 3690 So.
497 3636 777 3702 igitursioreipublices
787 3636 921 3699 civiumque
938 3632 1085 3698 cepemende
1100 3633 1219 3681 nobieest

122 3733 187 3777 ture,
199 3731 225 3768 ut
234 3719 298 3770 cises
307 3721 372 3784 ipsos
383 3721 457 3769 bonos
468 3719 604 3768 efficiemus.
620 3716 735 3780 elloquio,
747 3715 945 3781 qnemednuodurn
960 3715 1066 3778 superius
1078 3713 1219 3767 invenimus,

120 3799 179 3850 nibil
192 3801 287 3864 prodest
298 3799 438 3860 beneficium
447 3799 512 3848 eliud
522 3796 691 3860 conferre‚niei
708 3797 782 3862 [514]
800 3797 898 3846 hoomte
906 3803 933 3844 et
942 3797 1004 3844 hone
1015 3793 1046 3842 sit
1055 3810 1120 3842 mens
1128 3807 1220 3849 eorum,

121 3879 161 3942 qui
172 3880 294 3943 eccepturi
305 3888 360 3928 suot
371 3880 408 3927 rol
427 3879 540 3943 pecunius
559 3879 644 3928 multes
660 3878 698 3927 rel
710 3877 833 3942 imperinm
845 3876 882 3924 vel
894 3875 963 3924 elien
973 3873 1102 3938 quemlibet
1114 3879 1219 3941 poteste-

121 3967 177 4008 teru.
213 3958 327 4007 Posuimus
337 3959 371 4007 sio
382 3975 442 4016 csse,
461 3959 554 4009 moue?
588 3959 653 4008 Ceu.
670 3957 777 4014 Prorsus,
788 3957 808 4005 si
825 3955 870 4004 tibi
887 3956 973 4020 pleoet.
1005 3953 1047 4001 So.
1064 3951 1091 4000 Si
1101 3967 1158 4016 erqo
1176 3967 1219 4000 nos

119 4039 233 4094 invicem.
244 4053 258 4082 o
277 4035 397 4092 Cellicles,
415 4039 599 4094 cohorteremur,
609 4037 705 4101 publice
723 4036 805 4086 civitio
815 4041 992 4098 pertreetsotee,
1009 4033 1039 4080 ed
1054 4047 1171 4080 snurorom
1182 4031 1219 4080 sei
1255 4097 1258 4104 ι

119 4117 241 4168 seselium
252 4115 289 4163 vel
302 4115 442 4178 templorum
460 4118 567 4181 ingentis
585 4116 703 4166 edificies
720 4125 797 4166 utrum
815 4121 934 4178 oporteret
943 4112 1090 4161 considerere
1101 4126 1144 4158 nos
1156 4111 1220 4174 ipsos

121 4207 194 4264 etque
205 4195 331 4259 dispicere,
343 4193 442 4260 primum
454 4195 549 4258 quidem
561 4209 591 4244 eu
602 4196 654 4258 ejus
673 4195 729 4244 ertis
745 4195 866 4244 scientium
877 4195 1004 4241 hebeemus
1014 4206 1099 4246 necue,
1110 4198 1134 4238 et
1144 4206 1159 4236 e
1169 4205 1218 4254 quo

121 4277 291 4327 didicerimus?
307 4283 332 4324 et
344 4283 465 4339 oporteret
481 4274 506 4322 id
522 4275 584 4337 fieri,
598 4275 694 4323 necne?
726 4274 792 4324 Csu.
810 4273 914 4322 Prorsus.
947 4271 990 4318 So.
1009 4269 1144 4318 Secundum
1156 4285 1218 4326 seru,

122 4357 255 4423 eiquendc
275 4355 384 4421 privatim
401 4371 444 4419 pru
461 4355 531 4403 uubis
542 4353 579 4401 sel
597 4369 639 4416 pro
657 4351 739 4401 emieis
757 4352 852 4415 eliquod
871 4349 1040 4398 construximus
1050 4347 1218 4405 edificiumet
1238 4382 1242 4388 ³

123 4437 231 4503 nunquid
240 4435 358 4501 ejusmodi
369 4436 479 4486 mechine
490 4435 589 4499 pulchre
599 4433 630 4483 rit
640 4431 678 4480 vei
690 4432 773 4494 turpis.
806 4431 878 4488 Quod
894 4430 914 4478 si
931 4427 1087 4478 invenerimus
1097 4429 1217 4493 megistres

122 4517 189 4568 subis
201 4519 275 4570 buum
286 4525 471 4582 praetentaque
483 4515 564 4573 luisse,
576 4513 697 4578 multoque
708 4509 809 4562 editicie
825 4518 897 4574 etque
912 4508 1030 4572 proclers,
1041 4516 1090 4558 tum
1103 4524 1148 4558 uus
1162 4525 1217 4558 curu
1263 4537 1269 4548 ι
