3150 5316
159 529 215 608 oe]
627 527 792 592 Poeno.
1201 539 1259 599 err

160 694 266 746 peream
277 687 312 740 et,
323 681 420 746 qeeedo
430 680 484 750 quie
495 681 536 731 uni
548 681 621 732 eddet
631 697 715 740 eoum,
726 689 783 735 tunc
792 683 829 732 rel
846 682 904 734 illud
924 700 1007 744 oonro,
1018 685 1058 736 cui
1074 703 1147 738 unum
1157 687 1258 752 adjunc-

162 767 213 812 Νι
220 767 265 818 eet.
276 760 318 812 fiet
327 762 394 812 duee
410 761 447 812 rel
458 769 484 813 et
494 761 633 825 eojoeerom
644 769 670 812 et
680 762 749 820 illud,
758 763 799 816 cui
810 763 950 828 edjunctrrnr
958 773 1004 824 eet,
1015 774 1110 832 propter
1127 767 1184 832 [97]
1201 767 1261 821 elce.

160 841 211 892 elue
218 841 249 890 ed
261 842 359 894 elterutu
370 841 547 906 adjunctionem
557 843 643 892 evadet
653 843 710 892 dno.
727 843 829 894 edmir'or
839 845 960 909 equidem,
970 845 1000 904 ei,
1010 861 1065 894 cunr
1083 854 1207 911 utrumqne
1216 849 1261 896 leo·

161 937 213 972 run
223 931 355 986 reperetour
366 931 425 981 eret,
437 929 562 988 utrumque
574 937 646 972 unum
657 930 716 979 eret,
726 938 805 988 neque
821 933 888 973 erent
903 931 961 976 tunc
976 925 1042 976 duo:
1059 933 1184 990 poatquem
1200 927 1261 978 iovi·

161 1017 214 1052 erm
227 1003 514 1067 cenomannorum
531 1018 602 1052 oeuee
619 1002 699 1064 luerit,
711 1010 738 1050 ut
756 1003 805 1052 duo
825 1003 917 1067 tierent,
934 1005 1069 1069 congressio
1080 1005 1201 1064 videlicet.
1218 1021 1261 1071 per

161 1097 232 1146 qnam
243 1082 342 1147 propior
357 1081 408 1145 jem
418 1083 495 1145 poeire
505 1088 569 1132 erent.
586 1097 663 1145 neque
675 1082 756 1140 etiem,
766 1083 787 1132 ei
802 1083 856 1146 quie
872 1099 945 1133 unum
960 1084 1064 1142 dividet,
1075 1086 1153 1134 adlruc
1165 1100 1260 1149 poeeuru

161 1161 308 1226 persuaderi,
319 1163 380 1212 hene
390 1161 466 1225 ipeem
485 1161 625 1210 dirieionem
641 1175 735 1210 uuum
754 1177 815 1219 eaeo,
827 1172 854 1210 ut
869 1163 917 1210 duo
936 1165 1046 1212 eredent-
1062 1163 1179 1212 contrerie
1197 1165 1261 1214 enim

161 1250 219 1292 tuno
230 1251 302 1306 etque
312 1241 418 1306 euperioe
428 1257 499 1292 ceoee
509 1241 545 1299 lie.
556 1255 605 1305 que
615 1240 663 1289 duo
674 1241 740 1292 fiant.
758 1251 815 1295 teuc
833 1241 906 1300 enim,
917 1242 973 1306 quia
991 1243 1195 1306 conjungebantur
1207 1259 1260 1308 pro·

159 1323 216 1387 plue
225 1323 336 1378 invicem,
346 1322 492 1384 elterumque
504 1321 672 1370 admouebatur
683 1320 767 1370 alteri:
785 1337 849 1379 nuno
860 1337 926 1377 vero.
938 1323 1050 1384 quoniam
1061 1329 1192 1370 remoretur
1201 1324 1261 1372 elte-

159 1418 211 1452 roro
222 1403 253 1451 ab
268 1402 343 1451 eltero
358 1408 430 1464 etque
449 1407 577 1464 reperatur.
610 1399 706 1464 Neque,
717 1408 812 1464 propter
830 1402 887 1464 quid
908 1417 980 1450 unum
993 1401 1042 1458 fiet,
1054 1401 1132 1450 adhuc
1151 1402 1210 1450 eoire
1222 1418 1260 1452 me

159 1481 275 1542 arbitron
292 1496 379 1545 aque,
391 1492 417 1530 ut
426 1482 560 1532 eummetiro
569 1481 657 1544 dicem,
667 1480 732 1531 eliud
744 1482 881 1545 quicquam,
893 1497 964 1545 quero
975 1482 1017 1531 fiat
1027 1490 1068 1530 eut
1080 1478 1160 1545 pereat
1167 1489 1210 1531 eut
1220 1482 1260 1542 eit,

161 1575 204 1624 per
213 1561 274 1610 hane
286 1561 359 1624 ipeem
370 1560 431 1610 uiam
443 1576 480 1610 me
491 1577 560 1611 noeee
571 1561 697 1624 profiteorr
716 1562 758 1610 eed
769 1562 841 1610 elium
860 1563 979 1624 quendam
995 1562 1047 1625 ipre
1065 1563 1160 1610 modurn
1176 1561 1260 1614 nocue

159 1640 267 1700 reieceor
281 1641 346 1690 huno
365 1656 419 1692 uero
435 1641 502 1690 nullo
520 1642 591 1690 modo
609 1641 720 1691 edmitto.
762 1641 858 1698 Verum.
877 1657 931 1692 cour
949 1642 1066 1692 eudieeern
1084 1642 1211 1705 eliquendo
1228 1659 1258 1694 err

159 1718 229 1774 libro,
241 1725 268 1766 ut
278 1718 319 1768 ille
336 1718 424 1776 nichel,
434 1719 592 1784 Aneeegorre,
604 1721 720 1786 legentem
737 1722 856 1784 quendam
873 1722 934 1771 hanc
951 1719 1099 1785 Areexugora„¹
1114 1723 1189 1786 ipeiue
1205 1737 1260 1774 een·

161 1798 269 1854 untione.
280 1799 393 1850 videlicet
403 1809 506 1850 mentem
523 1801 602 1850 omnic
618 1817 729 1850 erorum
745 1801 900 1866 omniumque
916 1817 1011 1852 caueam
1028 1817 1095 1852 eree:
1114 1803 1160 1852 hoo
1176 1803 1259 1868 utique

160 1893 238 1928 ceuee
249 1894 335 1941 genere
351 1893 492 1943 magnopere
508 1896 560 1930 eum
577 1879 862 1936 deleemtoeeeierimem
878 1882 1053 1945 quodemmodo
1065 1890 1260 1942 comannorum,

162 1965 263 2008 mentem
274 1975 325 2008 eeee
336 1959 439 2008 omnium
451 1974 545 2010 oeueem
556 1977 563 2008 r
581 1961 749 2025 ponbemque,
760 1962 781 2010 ei
793 1961 816 2010 id
828 1961 862 2011 ite
875 1969 947 2022 eeeet,
959 1967 986 2010 ut
996 1975 1062 2010 mene
1073 1964 1151 2012 omoie
1161 1979 1259 2014 exome-

160 2047 205 2101 ret,
216 2038 308 2102 ungule
319 2054 361 2102 per
373 2040 434 2090 hene
445 2038 480 2088 ite
490 2055 541 2090 ecee
559 2039 684 2104 diepoeite,
697 2048 723 2088 ut
739 2041 828 2104 optime
846 2039 941 2104 dieponi
953 2047 1086 2103 potuerant.
1120 2041 1259 2106 Propteree,

159 2117 242 2182 eiquie
253 2118 326 2168 veliet
341 2134 436 2168 cauum
456 2119 571 2183 inuenire,
581 2136 629 2183 qoe
644 2120 737 2183 ringula
752 2121 812 2171 fient
825 2127 867 2170 eut
884 2127 982 2184 pereant
999 2128 1041 2168 aut
1057 2119 1112 2176 eint,
1123 2121 1169 2170 lroc
1179 2121 1258 2184 iprum

159 2215 211 2249 eece
223 2199 399 2254 inveniendum.
410 2214 458 2262 que
468 2199 579 2249 videlicet
586 2200 677 2250 ratione
687 2200 802 2262 optimum
815 2201 845 2248 eit
854 2199 993 2263 unicuique,
1004 2207 1047 2250 eut
1061 2215 1112 2250 rere
1126 2207 1170 2248 eut
1180 2201 1258 2263 quod.

160 2279 196 2328 rie
205 2279 270 2328 eliud
289 2279 339 2344 peti
360 2279 397 2328 vel
415 2273 500 2342 egera'
526 2279 608 2344 Atque
633 2281 678 2328 hoo
693 2288 764 2343 pacto
785 2279 842 2328 nihil
860 2279 925 2328 eliud
946 2279 1143 2330 coneiderendom
1162 2281 1255 2330 homiui

162 2360 198 2410 rel
215 2359 246 2409 de
265 2359 344 2423 ceipeo
355 2359 392 2408 rel
410 2359 441 2410 de
460 2358 523 2422 eliie,
534 2359 581 2408 rriei
592 2360 657 2423 quod
669 2359 815 2422 potieeimum
835 2359 866 2408 eit
881 2364 906 2408 et
920 2358 1046 2422 optimum.
1079 2359 1184 2412 Neceeee
1202 2376 1257 2410 rere

159 2447 196 2490 eet
220 2455 284 2497 enm.
313 2438 355 2503 qui
379 2439 404 2488 id
421 2439 492 2496 norit,
511 2440 572 2490 illud
590 2455 694 2505 qnoque,
712 2441 777 2503 quod
795 2446 832 2488 eet
847 2439 959 2496 deterior,
980 2441 1137 2504 cognaeieeer
1165 2440 1258 2504 qnippe

159 2537 213 2571 cum
226 2522 309 2570 eedem
320 2522 402 2570 horum
413 2519 512 2570 aientia
522 2520 561 2570 eit.
595 2519 655 2570 lieo
667 2520 748 2583 utique
759 2535 851 2568 mecum
863 2519 914 2583 ipre
933 2527 1053 2583 reputem,
1064 2521 1204 2584 gaudebem.
1216 2521 1253 2570 in·

159 2601 250 2650 mere
260 2609 322 2650 retur
332 2600 496 2664 Anuegmem
512 2600 656 2664 nogiomo,
666 2601 706 2663 qul
719 2615 765 2656 me,
777 2600 800 2648 id
814 2600 878 2664 quod
891 2606 1015 2664 tentoprre
1025 2600 1159 2662 cupiebam,
1171 2613 1255 2650 ceurae

158 2697 234 2732 rerum
254 2680 366 2741 doceret;
381 2681 530 2746 primumque
547 2681 604 2730 mihi
620 2679 719 2738 diceret
739 2689 815 2730 utrum
836 2680 907 2745 plene
925 2680 956 2730 eit
972 2687 1032 2728 terre
1043 2679 1079 2728 rel
1098 2678 1213 2728 rotunde:
1231 2685 1257 2728 et

158 2777 213 2812 cem
224 2763 275 2811 brec
285 2761 390 2817 diuinet.
401 2760 554 2825 cunjungeret
571 2761 629 2810 mihi
646 2776 740 2810 ceueern
759 2768 831 2824 etque
849 2759 1022 2816 ueceeeitetem¹
1034 2759 1133 2808 offerere
1146 2758 1256 2808 videlicet

157 2841 345 2906 idipeum,quod
367 2841 451 2892 metior
470 2849 522 2903 αις
539 2841 669 2906 meliorque
688 2841 760 2894 inim
776 2857 828 2891 eern
842 2855 894 2890 ecee
912 2839 992 2892 retem.
1024 2838 1128 2888 Proinde
1139 2837 1159 2888 ei
1171 2845 1255 2890 renam

157 2923 247 2972 diceret
265 2922 290 2970 io
307 2922 395 2971 mundo
412 2921 512 2971 mediam
532 2937 593 2985 eeee,
604 2937 657 2972 mox
675 2929 803 2986 exponeret
825 2921 908 2970 melior
923 2918 1049 2982 eutitium,
1059 2926 1085 2967 ot
1097 2917 1174 2968 media
1184 2925 1256 2970 eeeet·

158 3003 230 3061 Quod
241 3001 312 3051 eiillc
323 3003 374 3051 here
384 3003 527 3060 ostenderet,
538 3004 572 3052 ite
590 3019 628 3052 me
646 3003 820 3068 commulnem,
831 3002 898 3066 queri
909 3001 996 3050 nollem
1008 3000 1109 3064 emplioe
1125 2999 1180 3065 [98]
1198 3014 1255 3048 ceu·

157 3098 234 3133 rernm
245 3083 347 3146 epeeiem
358 3082 485 3146 poeitume.
518 3083 634 3133 Preteree
653 3085 684 3134 de
702 3083 754 3134 eole
771 3091 796 3132 et
811 3083 868 3132 lune
883 3082 1012 3144 ceterisque
1030 3080 1112 3136 etellie,
1129 3094 1256 3144 rerumque

157 3163 219 3213 inter
229 3179 255 3212 ee
265 3163 390 3212 velocitete
401 3163 647 3228 convenioniboeque,
658 3172 684 3212 et
700 3165 732 3212 de
750 3162 887 3226 hujumodi
903 3161 1012 3210 omnium
1023 3176 1060 3208 me
1071 3159 1179 3209 rimiliter
1188 3174 1256 3222 qum·

158 3246 255 3294 ellurum
266 3245 446 3308 auditorumque
464 3242 735 3308 compereeerem,quod
747 3239 1050 3304 uidelicetetqoeretione
1063 3239 1112 3288 herc
1132 3235 1216 3286 meliue
1226 3237 1257 3286 eit

157 3325 249 3388 ringula
258 3325 296 3372 eei
305 3325 381 3374 iecere
392 3323 429 3374 vel
441 3324 500 3388 pati,
511 3326 670 3387 quodeunque
681 3330 754 3386 egent
761 3321 797 3370 rel
804 3321 932 3386 patientur.
964 3318 1050 3382 Neque
1059 3317 1121 3366 euleu
1132 3315 1254 3379 putebem‚

156 3419 211 3455 cem
221 3405 252 3452 eb
263 3404 330 3454 initio
341 3404 438 3454 dieieeet
449 3412 526 3453 mente
537 3404 615 3452 omnic
626 3402 740 3458 eeorueri.
751 3401 828 3466 iprum
844 3401 914 3450 eliem
931 3405 1014 3464 poetee
1030 3411 1125 3446 cauum
1137 3397 1206 3446 rebor
1217 3411 1255 3444 ee.

156 3485 310 3548 eiqnetumm,
320 3493 475 3550 praeterquam
489 3485 553 3548 qnod
570 3484 686 3550 optimum
704 3484 735 3530 eit
752 3498 793 3532 eee
804 3482 838 3532 ite
849 3497 883 3538 ee.
895 3488 921 3529 ut
932 3479 1028 3534 nubere,
1039 3477 1134 3526 hebere.
1167 3475 1253 3540 Itaque

156 3563 283 3614 arbitretur
298 3581 352 3615 eom
369 3566 392 3616 in
410 3565 537 3616 reddendie
554 3573 604 3614 tom
620 3564 763 3628 cingulorum
783 3568 833 3612 tuce
852 3567 990 3636 coaeterum
1001 3556 1157 3608 communiter
1167 3557 1253 3614 cenrie,

156 3644 254 3708 etngotte
265 3646 362 3710 quidem
373 3645 501 3711 eeeigoere,
511 3647 575 3711 qood
588 3645 715 3709 unicuique
726 3642 850 3709 optimum,
861 3639 953 3690 eonotie
962 3652 1149 3690 rcroaommone
1157 3637 1255 3688 bonum·

157 3723 243 3790 Neque
254 3741 309 3776 rero
319 3741 374 3790 epea
385 3727 435 3791 ipre
446 3741 511 3776 meu
522 3726 588 3791 perri
599 3725 723 3781 ieolebem,
733 3725 774 3774 eed
786 3738 876 3773 eummn
895 3719 998 3785 quodem
1014 3717 1094 3769 etudio
1105 3723 1216 3782 acceptor
1227 3714 1255 3764 li·

157 3806 220 3867 broe,
230 3820 299 3872 quem
311 3807 456 3856 eelocieeime
472 3815 578 3872 peterem
596 3807 708 3864 lectitent,
719 3813 746 3855 ut
762 3804 879 3860 ocinime,
889 3801 948 3866 quid
958 3800 1080 3866 ¹optimum
1096 3795 1182 3861 quidve
1201 3794 1253 3859 ejoe

155 3888 295 3936 contrarium
303 3895 374 3950 eeact,
384 3903 558 3952 cognoscerem.
590 3886 643 3936 Her
654 3885 725 3950 igitur
741 3883 839 3934 orirebili
855 3897 898 3945 epe
908 3880 1003 3941 ductor,
1014 3893 1067 3928 oum
1079 3878 1156 3940 legere
1168 3891 1252 3940 pergo,

154 3967 224 4016 rideo
236 3969 353 4017 bemineru
366 3977 443 4019 mente
455 3969 551 4033 quidem
563 3968 630 4016 nullo
646 3967 716 4016 modo
734 3973 847 4022 utentem,
866 3977 910 4012 nec
927 3976 1021 4012 cauum
1040 3957 1109 4008 uilem
1125 3957 1155 4004 ad
1172 3956 1251 4018 iprum

154 4063 229 4096 rerum
241 4055 348 4096 ornatum
364 4050 509 4104 referentem,
520 4050 560 4096 eod
573 4047 653 4098 e'e‘reee
665 4055 759 4096 naturae
769 4054 794 4094 et
812 4045 924 4094 ethereee
934 4055 1068 4105 aqueaequc
1078 4045 1102 4086 et
1114 4035 1170 4086 telle
1179 4035 1253 4086 mullo

155 4126 299 4174 incredibilie
313 4143 354 4189 pro
365 4143 439 4178 rerum
455 4129 531 4178 ceueie
542 4129 708 4192 eeeigrrantem.
742 4128 798 4184 Quo
809 4125 904 4189 quidem
915 4123 940 4170 in
953 4137 977 4170 re
988 4120 1028 4169 ille
1040 4118 1096 4166 milri
1110 4117 1206 4181 perinde
1217 4116 1252 4164 ui·

154 4220 195 4258 auo
204 4211 241 4252 etl
251 4219 329 4268 egere,
340 4221 369 4255 ec
379 4207 399 4255 ei
409 4209 462 4271 quie
472 4208 572 4265 diceret,
581 4208 711 4269 Socratem,
722 4219 869 4270 quecunque
879 4203 945 4258 lecit,
962 4207 1040 4250 mente
1051 4199 1128 4250 lacere
1139 4216 1144 4244 =
1163 4195 1252 4246 deinde

155 4286 238 4334 rolene
248 4285 402 4348 eloquiorum,
413 4303 466 4353 qore
477 4287 550 4349 lario,
560 4301 642 4336 ceueee
652 4287 778 4350 explicere,
789 4285 854 4334 diret
865 4284 965 4347 primum
975 4281 1072 4345 quidem
1084 4293 1147 4326 ounc
1158 4293 1196 4327 ore
1212 4276 1251 4330 lte

154 4372 278 4431 prorrtcree
290 4367 379 4428 eedere,
390 4369 501 4431 quoniam
512 4383 597 4430 eorpne
610 4383 686 4415 meum
698 4383 726 4414 ee
738 4367 830 4414 neribus
841 4365 963 4428 nereieqoe
980 4361 1146 4425 componitur:
1163 4365 1188 4406 et
1198 4373 1252 4408 orec

154 4446 250 4512 quidem
263 4445 339 4494 aulide
350 4455 405 4494 eunt
416 4455 441 4494 et
453 4447 616 4510 juncturarum
627 4445 748 4494 intervella
769 4446 829 4492 inter
846 4461 871 4492 eo
888 4445 986 4492 hebrun:
1005 4441 1070 4490 ocrvi
1081 4449 1159 4489 eutem
1171 4438 1204 4489 eic
1216 4439 1252 4487 in·

156 4527 241 4586 etituti,
254 4534 280 4576 ut
297 4535 321 4576 et
338 4529 433 4578 oetcndl
450 4535 474 4578 ct
491 4527 597 4576 conuehi
610 4527 907 4593 ratemqeomplecuuror
924 4539 976 4574 urae
992 4537 1045 4572 cum
1062 4521 1169 4572 carolum
1181 4527 1253 4582 etque
