3138 5300
138 547 219 628 our]
544 525 843 608 unumunurm.
1188 553 1250 613 rou

144 709 254 760 turbetur
265 721 335 759 runrr
350 713 375 755 et
385 705 426 756 iiie
441 704 609 756 meinrodum
626 704 825 764 enimedrertenr,
841 704 972 766 Quonim,
991 703 1080 769 inquit,
1098 705 1169 758 tuitio
1184 711 1250 774 quod

147 803 214 838 nune
224 797 269 848 ιιι,
289 803 337 838 nou
349 787 450 854 trnpliur
460 801 528 837 erret
545 785 627 843 vultis,
642 793 670 833 ut
679 785 780 843 ridetur,
796 788 860 836 huno
871 786 973 836 interire.
1006 786 1042 836 Ar
1052 800 1106 837 vero
1116 804 1187 852 quern
1197 791 1246 841 ouri

146 867 400 933 hebendiruntbujue
410 867 502 932 penurie
512 867 550 915 rei
566 865 637 916 errici
653 867 691 915 rei
702 875 826 925 eruetoreo.
842 867 884 931 qui
894 875 985 917 eruntor
1005 867 1069 916 onuni
1085 883 1141 918 oure
1150 870 1250 934 perdere

147 951 254 1000 etudeut.
286 949 347 1008 Here
366 947 465 998 eudienr
482 947 620 1012 cterippur.
635 946 708 996 trunti
723 947 797 1011 gretie
808 949 908 1012 puriter
926 949 997 998 tuiitr
1013 956 1040 998 et
1058 949 1205 1013 indignetur,
1222 949 1251 998 0

149 1031 254 1096 Hospes,
263 1030 353 1096 inquit,
362 1029 459 1095 Thurie,
469 1028 517 1077 nini
527 1025 714 1077 dietnrurtieiuo
721 1028 909 1085 eeret‚dinirreru
921 1029 1003 1094 utique
1009 1029 1052 1078 tibi
1061 1027 1177 1094 inoepnt,
1185 1032 1251 1094 quod

147 1112 260 1161 edrerruo
270 1127 308 1160 ure
318 1117 343 1162 et
352 1111 412 1160 elion
422 1109 526 1158 rueutirir
545 1110 590 1158 huo
607 1108 632 1156 in
648 1123 683 1164 re,
699 1123 770 1172 quern
789 1108 826 1158 rei
837 1109 903 1158 dictu
922 1109 1033 1158 netarium
1044 1110 1117 1168 duco,
1127 1111 1193 1174 qnod
1204 1125 1251 1175 ego

147 1194 213 1243 irene
222 1194 297 1259 perire
313 1193 392 1242 velim.
425 1189 472 1241 Hio
483 1190 651 1255 Euthydemus
669 1191 700 1238 ed
710 1189 853 1255 Cteoippuru
870 1204 996 1240 conterent
1008 1191 1050 1248 eit.
1060 1191 1194 1241 Videturue
1204 1193 1251 1243 tibi

148 1273 199 1322 deri
210 1289 289 1338 poure,
298 1281 326 1321 nt
336 1273 422 1336 eliquit
432 1269 577 1320 mentietur?
610 1269 658 1318 Per
666 1269 763 1331 Joreru,
775 1269 919 1332 inquit.niri
931 1270 1103 1322 terninano.
1133 1270 1250 1329 Quirero

147 1354 271 1418 mentitur,
278 1362 357 1402 utrum
367 1369 416 1402 rem
427 1353 501 1416 ipunrn
512 1351 544 1399 do
554 1365 602 1413 que
613 1365 688 1398 ιιιιιιο
699 1356 736 1397 ert
744 1347 813 1407 dieii,
824 1363 854 1396 ιιι
863 1363 912 1397 non
921 1348 999 1399 dicit?
1032 1349 1158 1408 victurio.
1175 1351 1250 1418 [284]

147 1434 176 1483 si
193 1449 242 1484 reru
261 1435 336 1500 ipeern
357 1433 425 1489 dicit.
441 1433 505 1480 houd
525 1430 590 1481 eliud
609 1430 737 1495 quioqurru
756 1429 815 1480 dioit
832 1436 916 1494 proter
925 1429 950 1478 id
962 1430 1028 1495 quod
1039 1430 1107 1481 dteir.
1139 1433 1250 1491 Quonnuu

145 1523 220 1579 pecto
236 1515 305 1564 niiter
322 1514 373 1563 fieri
389 1514 488 1578 portet?
511 1513 640 1577 Cterippur
655 1511 698 1562 eit.
731 1509 849 1575 Nunquid
869 1525 918 1559 uun
939 1511 1048 1575 quodem
1065 1527 1101 1561 ree
1116 1520 1162 1569 ert,
1178 1527 1250 1576 quern

146 1595 219 1658 dicit,
229 1597 259 1644 nb
270 1595 324 1644 eiii·
335 1594 445 1644 direrrni
479 1593 584 1642 Prurrur.
616 1592 705 1642 Nonne
715 1593 756 1655 qui
766 1590 830 1640 iiiam
839 1591 908 1648 dicit,
918 1591 942 1639 id
954 1593 1018 1655 qnod
1027 1600 1065 1641 ert
1074 1593 1179 1657 profert?
1202 1594 1251 1646 lu.

144 1675 278 1726 Enimvero
297 1674 433 1740 quicunque
453 1675 518 1738 quod
540 1683 575 1723 ert
596 1687 680 1738 qnare
701 1679 756 1720 runt
776 1671 844 1730 dicit,
865 1687 920 1720 rere
938 1671 1051 1738 ioquitur.
1090 1673 1251 1732 Qnernobrenr

146 1755 342 1819 Dionysodorus.
359 1754 379 1802 ri
398 1767 452 1818 quer
469 1759 525 1802 ruut
543 1753 611 1810 dicit.
633 1765 689 1800 vert
710 1751 832 1816 prndloet,
853 1765 931 1816 neque
950 1751 1078 1817 quinqueni
1098 1755 1210 1804 edrenue
1227 1765 1252 1806 te

149 1836 271 1886 mentitur.
306 1835 352 1891 ltu,
363 1826 590 1898 inquitCterippur.
623 1833 712 1882 Verum
730 1831 981 1896 quihmioqnitqu
992 1833 1252 1898 Euthydernemonee

146 1931 204 1981 ane
221 1924 277 1964 runt
295 1913 364 1964 dicit.
396 1913 438 1962 Ad
455 1927 526 1978 quern
543 1913 727 1979 Euthydemur:
744 1911 802 1959 Nun
820 1911 946 1960 enittentiu
963 1927 1011 1964 non
1026 1915 1099 1962 eunt?
1133 1915 1253 1974 Nomii.

147 1997 273 2062 Nuranm
292 2009 357 2060 vero,
374 2009 428 2058 quer
447 2011 496 2043 nou
515 2001 580 2053 runt,
598 1993 721 2043 enittentin
740 1992 813 2042 runt?
844 1991 979 2058 Nuoquem.
1010 1993 1103 2042 Fiedne
1121 2003 1208 2058 potuer,
1223 2003 1251 2046 nt

145 2077 234 2140 uliquis
244 2077 305 2126 circe
315 2091 353 2133 ee,
364 2091 418 2140 qun
430 2091 477 2124 non
489 2083 553 2132 eunt,
564 2075 692 2140 quicquum
708 2082 773 2138 eget,
784 2080 812 2122 ut
821 2073 862 2122 iiie
877 2073 953 2122 inoint
961 2071 1049 2137 eliquit
1059 2073 1185 2124 exirtentie
1194 2091 1252 2125 nur·

149 2158 239 2221 quemi
272 2156 429 2221 Nequaquam
441 2155 498 2204 mihi
509 2156 611 2214 ridetur,
623 2155 752 2219 Cterippur
763 2155 805 2204 eit.
840 2155 901 2202 Cum
912 2154 1015 2202 rhetore·
1024 2154 1055 2201 ed
1068 2153 1183 2218 populoru
1194 2169 1253 2204 oon.

148 2239 282 2295 eiouurrtnr,
293 2238 383 2286 nihilne
395 2237 487 2302 egunt?
521 2237 604 2301 Agunt
619 2236 718 2300 niiquid.
753 2235 778 2283 Si
794 2242 878 2298 egunt,
889 2243 981 2298 ergoet
992 2234 1102 2284 fuciunt?
1133 2235 1252 2300 Sequitur.

147 2318 213 2383 Ergo
230 2319 307 2382 ipsum
325 2318 412 2375 dicore.
429 2333 498 2383 egere
509 2327 546 2367 ert
558 2324 583 2367 et
593 2318 679 2367 iecere.
712 2317 848 2368 contenuit.
880 2315 969 2364 Nuiiur
978 2315 1052 2380 igitur
1067 2330 1116 2365 non
1127 2316 1253 2368 enittendo

146 2399 226 2448 dieii:
243 2399 331 2449 fuceret
341 2413 443 2462 numque
454 2398 554 2463 adquin.
572 2407 597 2447 tu
609 2413 664 2448 rero
674 2397 796 2447 confertur
805 2413 831 2446 er
842 2395 989 2461 impoenibiie
1000 2411 1060 2460 eure,
1066 2404 1094 2444 ut
1103 2397 1191 2462 uiiqnir
1201 2413 1251 2448 nou

145 2479 272 2529 existentie
288 2479 369 2528 seeiet.
402 2478 554 2543 Quapropter
571 2479 700 2528 retundunt
723 2477 852 2527 ontionem
875 2473 939 2525 tuein
958 2476 1018 2524 seire
1040 2476 1119 2526 ιιιιΙΙιιι
1139 2477 1251 2543 loquitur.

144 2561 284 2608 immovero
291 2560 310 2608 si
320 2559 424 2622 ioquitur
433 2558 628 2624 Dionysodorus,
639 2573 691 2609 reru
698 2569 724 2607 et
730 2558 856 2607 uinteutit
863 2557 975 2622 loquitur.
991 2556 1032 2606 sto
1038 2563 1082 2614 eet.
1090 2557 1250 2623 Euthydemu,

143 2640 276 2704 Ctenippue
284 2640 325 2686 eit.
336 2653 390 2686 netu
398 2639 522 2687 exirtentie
530 2638 808 2704 quidemquoduururodo
815 2637 885 2694 dicit.
895 2653 943 2685 non
951 2645 1029 2686 teruen
1038 2638 1107 2686 irunt
1117 2653 1142 2686 re
1153 2639 1249 2698 hebent,

143 2719 215 2772 dicit.
239 2718 289 2777 Qui
300 2733 354 2767 rero
365 2717 425 2768 intuo
436 2718 479 2776 nir,
492 2717 627 2784 Cterippe?
643 2717 825 2784 Dionyrodorur
834 2716 923 2784 inquit.
938 2718 1040 2776 Suntne,
1051 2718 1139 2783 quiret
1150 2719 1212 2782 ipone
1223 2728 1250 2768 ut

143 2801 236 2849 hubent
247 2815 272 2848 ee
283 2799 384 2850 dicent?
416 2799 478 2848 Sunt
494 2805 566 2856 certe,
583 2799 705 2864 respondit
721 2798 772 2857 ilie,
791 2799 833 2848 riri
846 2798 910 2854 boni.
929 2798 1035 2863 preerat
1054 2807 1126 2863 etque
1145 2799 1251 2850 veridici.

146 2881 214 2939 Quid
227 2881 314 2946 porro?
331 2881 482 2944 interruperit
501 2880 569 2938 niter,
586 2881 648 2930 bont
664 2895 744 2930 nonne
761 2881 822 2928 berre
839 2895 865 2928 re
881 2879 989 2928 hebent?
1006 2878 1159 2928 rueinoontre
1169 2879 1247 2930 mein?

145 2959 267 3010 Probnrit.
299 2960 381 3010 Bonos
391 2970 469 3010 eutem
480 2969 505 3010 et
514 2961 637 3026 prucieror
648 2961 756 3010 homiues
770 2959 890 3010 ooniten‘t
900 2975 936 3009 rer
946 2960 1009 3025 ipuer
1025 2961 1068 3019 eie,
1079 2965 1106 3008 ut
1115 2975 1141 3009 re
1152 2961 1249 3020 ΙιιΙιιιιι,

146 3040 248 3104 eloqui?
280 3041 408 3092 Confiteor.
441 3041 504 3106 Ergo
522 3042 579 3089 boui
590 3041 642 3098 riri,
659 3040 810 3106 octerippe,
827 3041 888 3094 rneie
904 3041 1204 3106 meledicunqdquidenr,
1222 3049 1250 3092 ut

147 3123 359 3178 runr,enuntient.
392 3121 894 3186 MuimeperJorem,etrneioehonrinee
909 3122 986 3171 rutler
1003 3136 1141 3185 eoquorum
1153 3137 1250 3175 numero
1356 3130 1360 3140 '

147 3217 179 3251 tre
200 3202 240 3260 rie,
258 3201 311 3267 ipe
327 3201 432 3261 carebit,
451 3203 472 3250 ri
489 3201 547 3249 ruiiri
566 3203 658 3258 creden.
677 3215 708 3250 ne
725 3201 782 3250 boui
799 3201 842 3250 riri
861 3202 922 3250 ruele
938 3203 1004 3250 dete
1015 3202 1148 3265 loquuntur.
1167 3202 1250 3254 ,Tune

148 3281 314 3349 Euthydemur
323 3283 421 3347 edjeeit‚
433 3281 549 3346 Nnnquid
563 3281 596 3328 iiii
607 3288 633 3328 et
643 3295 740 3343 meqnoe
751 3293 836 3345 uregne
843 3288 869 3328 et
876 3279 966 3328 onlidor
974 3279 1070 3329 ceiido?
1087 3281 1251 3345 Surnrnopere,

147 3363 270 3429 respondit
286 3363 423 3429 Ctesippur.
440 3370 465 3411 et
479 3362 579 3426 frigidos
596 3359 681 3424 frigido
696 3359 788 3415 dieunt,
807 3359 921 3422 aiuntque
931 3358 1044 3407 diruerere
1054 3359 1148 3421 frigide.
1180 3359 1250 3412 'l'oue

146 3443 339 3509 Diouprodorur,
346 3441 497 3500 Conritinrir,
507 3442 630 3506 Ctesippe.
639 3440 682 3498 eit.
689 3437 837 3488 nouritierio.
845 3437 903 3487 Non
912 3453 955 3502 per
960 3437 976 3488 J
978 3453 1056 3500 ovem,
1065 3437 1234 3504 Dionyrudore
1242 3457 1249 3491 ς

145 3539 203 3574 neor
214 3533 237 3573 te
247 3525 331 3589 diligo,
340 3525 413 3590 immo
424 3539 479 3572 vero
490 3523 565 3572 eutice
576 3531 600 3571 te
618 3536 714 3578 moneo.
730 3527 756 3569 et
772 3520 912 3584 perruedore
928 3518 1058 3578 contendo,
1074 3533 1195 3584 nunqunnr
1211 3537 1250 3572 rue

146 3619 227 3654 eornm
247 3619 321 3670 nuque
339 3605 401 3653 odeo
421 3603 536 3660 mordere,
552 3611 580 3652 ιιι
596 3601 670 3666 [tto]
688 3599 831 3656 ‹ricuveite
848 3615 886 3648 uro
903 3600 947 3649 iroe
963 3599 1039 3664 perdi,
1050 3614 1110 3665 quoe
1120 3600 1251 3651 oerioeiruor

145 3685 233 3736 habeo.
249 3684 302 3748 Ego
313 3690 393 3732 eutem
403 3697 457 3732 oum
469 3681 524 3732 iiior
533 3681 616 3731 irriteri
623 3681 674 3745 jeru
685 3680 787 3730 inrioeru
797 3680 882 3730 noritur
891 3681 1054 3746 pertentireur,
1064 3696 1119 3730 euru
1135 3681 1251 3747 Ctetippo

139 3763 241 3827 jooetut
250 3763 356 3828 inquunt.
366 3763 445 3813 Decet
455 3778 507 3826 noe,
518 3763 642 3827 Cterippe,
658 3769 686 3810 ut
697 3761 754 3810 rnibi
766 3761 866 3820 ridetur.
876 3762 907 3810 eb
927 3762 963 3810 hir
971 3761 1105 3826 hospitibue
1120 3777 1175 3826 qun
1191 3763 1251 3812 dunt

143 3844 262 3908 occipere,
273 3845 293 3892 ri
304 3845 375 3892 ruodo
385 3845 504 3910 lmpnrtire
520 3845 646 3909 quicquum
665 3843 748 3901 veiint,
759 3859 838 3908 neque
853 3843 989 3892 nominibus
1003 3842 1119 3892 eltoroeri.
1151 3842 1213 3892 Num
1229 3845 1250 3893 ri

143 3925 178 3974 ite
201 3925 299 3990 perdere
320 3924 398 3973 roiuut
418 3926 533 3982 hominen,
555 3932 614 3973 ute
635 3925 702 3974 melio
720 3931 746 3974 et
764 3923 954 3989 imprudentibut
973 3923 1059 3987 probor
1076 3923 1250 3987 prudenterque

143 4005 259 4060 efficient,
271 4005 321 4052 nire
332 4005 379 4066 ipri
390 4005 528 4068 perditionis
538 4005 591 4054 telio
602 4005 736 4055 inventore·
753 4006 883 4062 extiterint,
894 4005 978 4054 reu-eb
988 4003 1036 4052 eiio
1045 4003 1150 4068 quodem
1160 4003 1250 4053 didice-

142 4088 205 4148 rint,
217 4090 244 4132 ut
254 4097 297 4146 pro
309 4083 371 4130 meio
382 4083 478 4133 homine
494 4087 582 4134 bonurn
595 4087 736 4136 retritueutr
753 4095 822 4150 petet
831 4093 910 4134 eutem
921 4101 963 4134 eor
973 4085 1050 4134 noire:
1068 4084 1177 4134 dixerunt
1186 4085 1250 4133 euim

146 4174 223 4216 erteru
236 4176 313 4229 nuper
322 4163 367 4211 eibi
378 4172 531 4228 oorupertnru.
547 4181 595 4230 que
606 4168 681 4215 bonor
692 4183 720 4215 ιι
731 4166 798 4214 ιιιΙίι
808 4165 915 4214 homines
926 4165 1031 4214 ieoiunt:
1048 4165 1070 4212 ri
1079 4165 1134 4227 hoo,
1143 4154 1251 4228 inquiro,

145 4248 226 4297 reiunt
238 4261 247 4307 3
262 4243 424 4310 permittimur
436 4244 528 4308 utique.
542 4247 614 4295 uteie
624 4245 828 4296 edoieoeeutuiorn
843 4246 952 4310 perdent,
962 4245 1034 4293 ruodo
1044 4243 1146 4292 efficient
1155 4241 1251 4308 repien-

146 4335 214 4376 teru:
233 4327 305 4374 iurnro
323 4324 395 4374 efinru
414 4340 458 4373 noe
476 4325 541 4390 ipror
557 4325 606 4374 iliu
621 4325 656 4374 ite
673 4325 791 4376 curando·
808 4325 935 4377 trademur.
968 4325 1042 4382 Quod
1060 4323 1079 4372 ri
1095 4321 1250 4386 rorjuniuree
1336 4373 1339 4384 .

147 4406 314 4464 reiorrnidntio,
326 4421 372 4471 eqo
382 4413 456 4465 oerte,
466 4407 532 4456 reiut
542 4406 698 4456 homunculus
708 4405 805 4471 quiden
816 4421 845 4454 ex
859 4405 940 4462 Corin.
952 4403 1078 4454 dieoriuren
1090 4405 1134 4453 hoo
1146 4404 1251 4458 rubeum.

147 4489 223 4538 ieriur
234 4487 297 4537 enirn
309 4488 334 4536 in
351 4501 398 4545 rue,
414 4495 499 4553 utpote
515 4487 618 4546 reniqre,
632 4486 767 4538 discrimen.
785 4501 823 4535 ure
839 4486 910 4551 igitur
926 4485 1095 4550 Dionyrodqro
1107 4485 1162 4536 huie
1177 4487 1252 4550 dedo,

146 4568 216 4634 quusi
228 4567 324 4619 Medea
334 4583 364 4619 ex
376 4568 481 4629 Coioirir,
493 4577 519 4619 ut
530 4585 568 4620 ure
583 4567 704 4628 ditonirut,
720 4577 755 4630 otx
763 4569 783 4618 ri
794 4568 852 4618 reiit
861 4567 941 4627 elizei,
953 4567 990 4618 roi
1007 4563 1166 4635 quqduiruque
1182 4566 1248 4618 eliud
