3150 5316
159 561 234 638 ³11]
617 559 841 620 nemmem.
1200 565 1257 626 sor

155 711 222 760 auiis
233 711 328 776 quidem
340 711 429 761 ratione
440 719 513 773 reeta,
525 719 663 776 presentem
673 713 818 776 voluptatem
830 713 915 771 secuti,
926 721 950 761 et
961 716 1136 780 quatenussuis
1143 717 1256 768 similibus

111 783 117 790 ’
159 791 316 850 deiectantur,
327 791 479 840 dissimilibus
490 807 545 840 vero
562 789 774 852 mioime,esteous
785 793 917 841 difficultati
930 793 1055 858 plurimum
1068 795 1181 849 tribuunt.
1214 801 1257 848 So.

158 873 220 930 Quo
233 874 320 937 pacto?
353 873 432 920 Hom·
449 871 555 920 Modesti
573 871 689 936 siquidem
709 871 814 921 homines
833 889 908 922 mores
928 874 965 923 sui
984 875 1073 924 similes
1089 886 1206 940 querunt,
1223 887 1258 937 et,

157 953 238 1016 quood
249 961 416 1016 permutatum
429 953 514 1002 tatibus
526 959 573 1000 tara
582 952 663 1000 dando
673 966 743 1016 quaro
752 953 892 1016 aecipiendo
901 955 1075 1004 matrimonium
1084 955 1177 1005 ineunt.
1187 957 1259 1008 sortes

158 1047 257 1097 quoque
267 1041 350 1082 natura
359 1033 435 1082 simile
444 1033 489 1082 sibi
499 1048 572 1096 genos
584 1031 736 1083 adsciscunt:
753 1049 807 1082 cunr
819 1041 937 1096 oporteret
947 1041 1029 1083 contra
1041 1037 1137 1084 omnino
1149 1037 1179 1084 ab
1190 1039 1257 1087 utris-

157 1128 208 1177 que
218 1111 254 1162 bis
265 1113 388 1177 generibus
407 1113 465 1163 fleri.
498 1114 540 1162 So.
557 1111 703 1170 Quomodo?
720 1119 745 1160 et
761 1127 831 1176 quam
848 1113 878 1159 ob
895 1115 1006 1162 0000οιοἰ
1040 1115 1121 1166 Host’.
1139 1117 1258 1176 Quoniam

159 1190 227 1240 iortis
237 1200 325 1242 natum
337 1194 387 1242 brec
397 1201 434 1241 est
443 1192 559 1250 conditio,
570 1199 597 1240 ot
608 1191 633 1240 in
644 1191 724 1240 moitis
735 1192 925 1256 generationibus
932 1209 1016 1258 expers
1027 1198 1189 1260 temperantia
1205 1215 1258 1262 per.

161 1287 260 1320 manens
271 1273 386 1338 principio
397 1273 429 1320 sit
440 1272 564 1329 robustior,
576 1271 670 1320 tundens
682 1288 738 1321 vero
749 1273 774 1320 in
786 1272 885 1320 furorem
894 1289 958 1321 versa
969 1275 1073 1322 deficiat.
1106 1277 1149 1325 So.
1166 1278 1259 1328 Conse-

161 1351 208 1401 ott.
240 1353 320 1404 Hoss.
334 1353 426 1402 Rursus
437 1353 516 1401 anima
526 1353 617 1417 pudore
627 1353 760 1410 abundans,
771 1353 870 1402 audnoia
882 1369 937 1402 nero
949 1354 1095 1404 fortitudinis
1106 1358 1210 1422 undique
1220 1376 1261 1409 ca.

160 1447 223 1487 sens,
234 1433 254 1481 si
265 1449 307 1498 per
319 1433 403 1481 multas
412 1433 519 1481 similiter
526 1432 688 1498 generationes
698 1439 809 1491 transeat,
819 1433 913 1496 segnior
923 1433 949 1480 tt
960 1449 1031 1497 quam
1043 1435 1122 1498 docet,
1132 1449 1159 1484 tc
1166 1437 1259 1488 demum

159 1520 266 1562 extremo
284 1509 387 1577 quodam
407 1519 500 1578 torpore
518 1513 680 1578 submergitur.
712 1514 755 1562 So.
772 1513 801 1560 1d
819 1527 914 1577 quoque
932 1513 968 1562 ita
984 1514 1122 1578 contingere
1140 1517 1259 1567 convenit.

162 1592 246 1643 Hoss.
263 1593 317 1651 His,
328 1601 356 1642 ut
366 1593 475 1652 diximus,
486 1593 619 1658 tigerusotis
629 1593 718 1642 rincbe
734 1601 833 1657 utraque
850 1592 973 1644 bominum
990 1609 1076 1657 genera
1091 1594 1161 1646 boiis
1178 1611 1262 1660 possu-

161 1689 225 1732 mus,
236 1675 282 1722 boo
298 1681 404 1724 exstante
422 1681 449 1723 ot
468 1683 565 1740 utraque
581 1673 719 1738 opinionem
735 1674 766 1722 de
784 1673 852 1724 bonis
868 1682 893 1722 et
913 1673 1016 1738 pulchris
1032 1676 1131 1724 eaodem
1150 1677 1262 1728 babeant.

163 1754 220 1803 Hoc
231 1762 308 1803 sotem
321 1771 392 1804 unum
404 1763 429 1804 et
439 1756 554 1820 integrum
565 1755 635 1819 regie
647 1761 745 1802 texturae
756 1763 793 1804 est
801 1771 871 1820 opus.
882 1763 1039 1818 utnusquam
1047 1756 1178 1806 moderator
1187 1773 1261 1807 mores

162 1835 259 1883 seorsim
270 1851 284 1883 a
295 1835 393 1884 sortibus
406 1852 456 1885 esse
467 1835 586 1899 permittat
596 1853 603 1895 ;
621 1835 662 1883 sed
678 1843 778 1899 utraque
794 1835 890 1898 ingenia
908 1844 1035 1884 contexens
1047 1835 1146 1884 invicem
1158 1851 1200 1900 per
1210 1839 1262 1903 opi·

162 1914 242 1964 saionis
252 1914 358 1978 ejusdem
370 1915 558 1972 consensionem,
570 1930 612 1978 per
622 1915 723 1964 bonores
734 1915 974 1980 vituperationesque,
985 1931 1027 1978 por
1037 1915 1127 1964 alterna
1139 1917 1261 1982 conjugia,

164 1994 237 2044 teiam
248 2011 275 2044 ex
287 1995 322 2044 bis
330 1995 405 2043 ierom
423 1996 497 2060 [³113
515 1995 651 2060 optimeque
662 2002 795 2045 cononum
806 1995 901 2053 efficiat,
912 1995 995 2059 bisque
1005 1995 1159 2044 communiter
1169 2013 1262 2062 semper

161 2073 246 2124 civiles
257 2075 403 2138 magistratus
412 2091 554 2140 muneraque
561 2076 701 2125 committat.
735 2075 778 2126 So.
795 2075 850 2133 Quo
862 2077 948 2140 pacto?
978 2075 1059 2124 Hoss.
1076 2075 1124 2125 Ubi
1137 2077 1262 2127 uniussui·

165 2155 231 2206 ficiet
241 2155 388 2220 gubernatio,
400 2156 518 2205 bominem
527 2157 650 2221 preditum
663 2157 765 2206 moribus
774 2157 878 2222 utrisque
890 2155 1017 2222 pretieiet:
1034 2156 1074 2203 ubi
1087 2156 1191 2220 pluribus
1202 2173 1263 2220 opus

166 2235 219 2294 erit,
229 2236 349 2300 utriusque
361 2237 454 2300 gesseris
464 2245 541 2302 partes
551 2236 641 2302 aliquas
652 2235 820 2288 commisoebit.
853 2237 1044 2302 Temporatorum
1055 2235 1118 2285 enirn
1129 2237 1262 2301 principum

166 2331 242 2365 atores
251 2317 314 2367 eauti
324 2317 452 2367 admodum
469 2324 495 2366 et
506 2317 565 2382 justi
581 2325 606 2366 et
620 2317 866 2375 „taruennensem
884 2317 1069 2382 promptitudine
1080 2323 1106 2365 et
1115 2317 1261 2366 vehementia

165 2399 267 2460 quartam
283 2398 314 2446 ad
331 2399 448 2462 agendum
464 2398 552 2447 idonea
570 2397 687 2462 indigent.
719 2398 760 2449 80.
778 2399 815 2448 lta
833 2399 864 2447 de
881 2398 919 2448 his
934 2413 1029 2464 quoque
1047 2397 1147 2446 ridetur.
1178 2396 1261 2446 Hoss.

166 2477 290 2528 Fortitudo
301 2485 379 2527 sutem
390 2478 416 2527 in
428 2479 538 2528 oautiooe
546 2485 571 2528 et
579 2477 672 2542 justitia
684 2479 729 2527 iilis
740 2481 821 2529 cedit:
838 2479 863 2528 in
872 2481 941 2529 rebus
951 2479 1048 2543 agendis
1059 2478 1184 2542 plurimum
1196 2486 1263 2527 ante·

142 2605 145 2612 ,
165 2557 240 2608 celtis.
272 2557 359 2622 Neque
370 2574 424 2608 voro
440 2567 541 2622 possunt
557 2558 582 2606 in
600 2558 699 2608 civitate
715 2561 793 2608 omnis
809 2551 869 2609 bene
886 2559 924 2624 agi
941 2559 1046 2623 privatior
1057 2565 1082 2606 st
1093 2557 1198 2623 publice,
1216 2557 1263 2606 nisi

167 2639 239 2686 sosbo
250 2639 301 2687 baro
312 2639 400 2688 adsint.
432 2639 474 2686 So.
490 2638 548 2687 Non
565 2647 637 2689 oerte.
669 2639 751 2690 Hosn-
767 2639 849 2688 Finem
860 2639 1017 2703 igitureiniiis
1032 2638 1206 2687 aetionisrscta
1218 2637 1264 2702 pii·

166 2718 263 2768 catione
272 2726 411 2768 contentum
422 2727 479 2770 tuas
496 2728 586 2769 esstsm
601 2721 715 2779 dieamus,
725 2720 821 2784 quando
837 2720 930 2768 tortium
942 2728 968 2768 et
977 2717 1156 2783 temperantium
1168 2719 1264 2782 ingenia

166 2799 295 2848 concordia
306 2799 457 2866 amicitiaque
467 2801 596 2850 conciliaus
607 2817 756 2852 communem
766 2801 859 2851 iliorum
870 2801 943 2850 officit
952 2799 1024 2848 vitam
1035 2817 1041 2847 r
1053 2799 1093 2864 qoi
1100 2813 1157 2848 sana
1166 2807 1264 2848 sontes·

168 2886 206 2926 tos
218 2880 409 2942 preclarissimus
420 2881 524 2930 omnium
539 2890 577 2931 est
591 2891 616 2932 et
626 2883 738 2948 optimus,
750 2883 855 2947 aliosque
870 2880 967 2946 insuper
977 2895 1059 2929 ornnes
1070 2879 1097 2928 iu
1106 2879 1202 2928 civitate
1214 2887 1260 2928 tam

166 2975 247 3008 soreos
257 2975 327 3024 qoam
336 2961 423 3012 liberos
435 2971 561 3027 protegens
571 2973 596 3014 et
606 2965 774 3029 corripientem,
785 2964 830 3012 bae
847 2969 939 3014 textura
949 2960 1055 3028 serieque
1066 2960 1245 3026 comprehendit
1255 2977 1262 3008 r

167 3048 240 3105 atque
249 3041 283 3090 ita
294 3041 429 3092 dominatur
438 3051 464 3092 et
478 3045 589 3108 presidet
604 3045 704 3102 civitati,
716 3053 743 3093 ot
758 3045 816 3094 nibil
834 3043 994 3109 pretermittst
1003 3057 1092 3099 sonoro,
1104 3057 1168 3107 quas,
1184 3040 1263 3104 quoad

166 3123 217 3171 tart
230 3129 316 3187 potest,
327 3125 418 3172 beatam
429 3125 534 3174 efficiunt
544 3126 672 3177 civitatem.
705 3127 750 3176 So.
765 3125 876 3176 Proiecto
887 3125 963 3184 nobis,
975 3123 1077 3189 Hospes,
1086 3123 1175 3188 regium
1186 3123 1263 3186 ipsum

165 3203 307 3268 civilemque
317 3204 391 3252 airum
402 3205 496 3270 egregie
503 3205 615 3256 definisti.
