3138 5300
108 571 181 648 mr]
543 563 757 628 soefflsrr.
1149 571 1208 630 arn

110 727 200 776 mderu.
217 725 325 791 intelligo
337 725 457 791 equidem,
476 739 525 774 non
537 733 644 790 oportere
655 725 733 783 lllnru,
743 723 785 789 qui
803 723 839 773 ita
853 731 959 785 vocatur,
970 727 1068 777 inertem
1086 745 1148 793 erre,
1164 731 1207 778 red

109 808 268 873 antequadam
286 807 433 856 inatrncmm.
466 804 516 854 lio.
533 806 590 863 Qua
609 805 681 868 igitur
697 806 766 854 arte?
782 805 890 869 nunquid
908 801 1022 856 hactenur
1038 811 1204 874 cognationem

110 887 205 936 irtornna
217 895 321 937 mutuam
333 886 510 950 ignorabimna?
542 884 610 933 Tun.
628 885 753 942 Quorum?
785 886 838 937 Ηο.
855 885 988 936 Hametorir
1004 895 1075 952 etque
1086 890 1206 954 ropnirre.

108 966 171 1016 Tur.
189 967 412 1024 Quemadmodum?
448 965 500 1014 iio.
515 965 649 1014 Venetorea
664 965 892 1030 quidemerreruihi
910 968 979 1016 umbo
991 967 1108 1018 ridentur.
1140 968 1206 1019 Tua.

108 1047 184 1105 Quem
205 1049 309 1113 predam
327 1049 368 1098 iric
386 1047 445 1096 riter
464 1045 616 1110 inrequiturt
633 1045 664 1094 de
681 1045 754 1094 eltero
771 1061 873 1110 nemque
890 1047 998 1100 dirimur.
1032 1049 1083 1098 He.
1101 1050 1209 1099 Predrm

113 1128 242 1177 universam
258 1129 365 1177 biinriaru
377 1126 458 1192 partiti
474 1141 562 1184 rumne,
573 1126 600 1174 in
611 1131 730 1174 natantem
742 1133 813 1190 atque
824 1128 975 1191 greaeibilem.
1006 1129 1072 1178 Tun.
1089 1129 1209 1182 Proiecto.

110 1210 161 1259 iio.
177 1211 211 1260 Et
221 1211 379 1269 renationem,
389 1224 443 1274 ane
455 1207 561 1257 urmntia
572 1207 733 1271 equatilirqne
743 1208 899 1272 persequitur,
910 1209 1027 1274 prorecuti
1037 1225 1134 1259 rurnur:
1152 1226 1206 1260 eam

111 1305 175 1349 vero,
186 1307 240 1356 qne
251 1289 388 1356 grearibilia,
408 1287 606 1354 pretermiairnne,
617 1287 712 1351 quodne
730 1286 853 1351 multiplex
869 1295 940 1351 erret,
954 1289 1111 1352 adjunximur.
1133 1278 1208 1341 Tua.

113 1372 187 1436 [m]
205 1371 291 1420 Procul
309 1370 390 1418 dubio.
424 1369 474 1418 Hc.
493 1367 616 1417 Hrcteunr
627 1369 732 1416 hnmrtor
742 1373 768 1415 et
778 1367 884 1431 rophirta
894 1369 924 1416 etr
940 1377 990 1418 rrtc
1009 1370 1128 1418 venetoria
1143 1387 1211 1436 eque

113 1451 298 1514 pmficiacuntur.
320 1451 386 1500 Tira.
403 1449 521 1499 Videntur
531 1465 595 1498 rane.
620 1448 670 1498 Ho.
687 1448 728 1496 Ab
735 1448 871 1498 animalium
879 1451 1004 1499 venatione
1011 1449 1108 1515 quidem
1114 1450 1140 1498 in
1150 1467 1212 1501 mare

114 1533 247 1590 deacendit,
257 1532 401 1594 flumineque
412 1538 437 1579 et
447 1531 521 1589 ieeur,
532 1539 557 1580 et
567 1531 593 1579 in
603 1531 640 1579 lrir
650 1529 760 1579 animalia
768 1530 820 1594 ipre
829 1538 935 1580 cenatur.
950 1531 1017 1580 ΤΗΙ.
1033 1531 1144 1588 Quidni?
1160 1531 1211 1580 Ho-

118 1615 224 1672 Qnidnm
235 1621 313 1662 eutem
325 1613 350 1660 in
362 1621 432 1660 terrea
442 1619 468 1660 et
478 1611 538 1662 alioa
547 1611 641 1670 durior,
653 1611 754 1660 velutin
765 1620 832 1676 prnta
841 1613 950 1676 quedam
955 1612 1081 1676 juventute
1093 1618 1118 1660 et
1124 1611 1212 1661 diritiie

113 1692 269 1750 abundantia,
278 1691 305 1739 in
316 1691 352 1739 hir
360 1689 470 1740 animalia
479 1697 622 1756 captatomr.
655 1692 721 1740 Tur.
737 1691 892 1757 Qnopacto?
925 1691 976 1741 Hc.
993 1691 1212 1757 Venutionirhqnar
1291 1735 1294 1742 .

117 1772 290 1828 terrefit,duar
301 1771 489 1836 meaimepnrter
506 1781 570 1822 aunt.
603 1773 670 1822 Trrn.
685 1771 769 1831 Qualis
789 1773 905 1837 utraque?
938 1773 988 1821 lio.
1006 1770 1213 1822 Unndomerticc·

117 1869 184 1914 rum;
200 1853 325 1917 agrestium
344 1852 425 1902 altere.
457 1850 910 1902 Tn.nnestu11·eomerucorum
937 1851 1048 1900 venetio?
1081 1851 1132 1900 Hc.
1147 1851 1215 1901 Pone

118 1949 174 1998 qure
200 1934 286 1990 dicam,
308 1940 335 1980 ut
356 1933 429 1982 lubet.
453 1940 495 1980 ant
515 1931 579 1980 eninr
606 1939 643 1981 ert
664 1933 734 1980 homo
761 1931 916 1980 domentieom
940 1931 1034 1989 animal,
1062 1939 1104 1978 ant
1123 1931 1213 1980 nullum

119 2012 206 2061 nuinrnl
227 2020 264 2060 ert
285 2013 454 2061 dumenticnm:
483 2012 522 2060 vel
542 2012 607 2060 alind
625 2012 744 2077 quoddam
766 2019 922 2067 mansuetum,
944 2011 1013 2058 lromo
1029 2019 1108 2060 autem
1130 2013 1216 2060 animal
1258 2065 1262 2072 ,

120 2092 210 2141 ierom:
227 2093 278 2140 rive
296 2098 431 2140 manruetur
450 2093 523 2141 homo
534 2092 641 2155 quidem,
651 2091 694 2139 red
709 2091 810 2139 homtntr
827 2090 920 2140 venatio
937 2091 1011 2141 nulla.
1044 2089 1080 2137 Ea
1097 2091 1134 2139 hia
1150 2093 1215 2156 quod

120 2174 195 2236 mrpir
212 2172 255 2220 tibi
274 2179 396 2228 contenet,
414 2172 439 2218 in
460 2171 585 2235 presentia
606 2170 744 2220 determine.
776 2169 841 2220 Tne.
858 2169 965 2218 Arbitror
981 2170 1100 2233 equidem,
1122 2171 1217 2235 horper,

120 2261 145 2300 et
172 2259 318 2300 mansuetum
345 2261 370 2300 et
397 2251 505 2300 venabile
534 2251 619 2299 animet
647 2265 698 2299 erre
725 2251 852 2299 hominem.
887 2250 937 2298 Ho.
954 2250 1083 2315 Duplicem
1105 2259 1218 2316 preterea

120 2332 299 2382 domentieornm
311 2331 599 2382 venationemrtatuimna.
629 2331 696 2379 Tne.
712 2331 768 2388 Qua
776 2331 884 2379 ratione?
918 2330 969 2382 lio.
986 2330 1044 2378 Eam
1054 2333 1214 2394 quandemon·

121 2413 232 2462 stratioue
243 2413 316 2477 cogit,
327 2422 353 2462 et
362 2429 414 2478 qnae
427 2412 512 2477 redigit
522 2413 546 2460 in
557 2412 700 2469 rerritntem,
712 2411 860 2476 tyrannidem
878 2412 982 2476 lumper,
992 2419 1017 2460 et
1027 2413 1148 2462 militarem
1160 2428 1218 2478 cap·

120 2493 247 2557 tivitatem,
258 2501 344 2542 cuncta
352 2495 404 2541 lrec
415 2494 542 2541 violentam
553 2491 709 2541 communiter
718 2493 867 2541 neuntionem
880 2493 1011 2541 rrecrimur.
1026 2493 1092 2542 Ture.
1109 2493 1219 2557 Optime.

119 2571 169 2622 ilo.
188 2574 249 2631 Qore
260 2589 315 2622 rere
323 2573 456 2637 judicando
468 2573 495 2621 tit
506 2573 543 2621 rel
553 2571 718 2622 concionendo
730 2572 767 2621 vel
777 2573 936 2629 conciliendo,
943 2574 1075 2622 rummatim
1084 2575 1217 2638 peraurnio-

120 2652 157 2700 nir
176 2653 301 2702 ertiticium
322 2669 494 2718 nuncupemur.
525 2653 592 2702 'l'na-
607 2651 693 2702 Recte.
726 2652 777 2701 Ho.
794 2651 873 2715 liujus
890 2655 938 2702 duo
956 2661 1011 2702 runt
1027 2669 1120 2717 genera.
1151 2654 1220 2706 Tua.

124 2733 261 2789 Qourrem?
293 2734 344 2784 Hc.
361 2735 486 2784 Publicom
499 2743 523 2784 et
532 2735 655 2798 privatum.
687 2733 751 2781 Tne.
769 2731 1068 2798 Eartatrpeeierutrnque.
1101 2733 1151 2784 Ho.
1168 2733 1221 2782 Pri·

124 2820 186 2860 vate
199 2829 276 2862 mrrna
287 2816 443 2878 penuarionir
454 2815 549 2864 venatio
560 2823 602 2863 aut
613 2815 718 2864 mercede
728 2815 756 2862 fir
766 2823 807 2862 aut
816 2815 957 2864 muneribus.
988 2815 1054 2863 Tea.
1072 2814 1143 2863 Hand
1150 2815 1223 2864 intel·

123 2891 180 2956 ligo.
215 2894 265 2943 Ho.
282 2895 420 2944 limenorum
438 2897 585 2945 renationem
605 2911 724 2960 nunquam
744 2895 902 2944 conriderarae
919 2895 1014 2944 viderie.
1046 2895 1113 2944 Trrn.
1130 2895 1185 2953 Qua
1195 2895 1221 2943 in

123 2975 166 3022 re?
200 2975 251 3028 He.
269 2977 340 3034 Quod
351 2977 408 3034 illie,
420 2985 609 3042 quorcepemnt,
621 2977 946 3042 muuerrinrnpcrealribent.
979 2977 1045 3025 Tne.
1061 2977 1125 3026 Vera
1134 2991 1221 3026 nemen

126 3053 176 3106 Ho.
194 3056 253 3106 Hec
273 3059 354 3123 itaque
376 3061 432 3108 rrtir
453 3061 570 3109 ametoriae
591 3060 683 3124 rpeciea
704 3067 763 3108 ertu.
795 3059 862 3109 Tun.
879 3057 947 3107 Eato.
979 3058 1030 3107 Ho.
1047 3059 1094 3107 Sed
1113 3074 1150 3119 ea,
1166 3074 1221 3123 qn·

126 3137 235 3185 mercede
245 3137 282 3202 fit,
293 3148 334 3187 rut
344 3147 446 3188 verentur
457 3141 486 3188 ed
499 3141 605 3204 gratiam,
616 3140 791 3204 voluptatiaque
799 3140 919 3189 illecebrnr
928 3147 1003 3204 parat,
1013 3147 1039 3188 nt
1047 3141 1103 3188 inde
1110 3141 1223 3188 elimenta

127 3230 169 3278 pro
180 3219 288 3268 mercede
299 3221 414 3268 duntarnt
424 3221 544 3284 accipint;
560 3235 631 3283 quem
648 3220 808 3269 adulationem
824 3235 946 3276 vocamur,
956 3227 1029 3267 rrtem
1046 3219 1119 3284 [Μ]
1136 3219 1223 3284 volup·

127 3301 202 3344 tatum
215 3299 412 3347 machinatricem.
444 3299 510 3347 Tua.
529 3299 609 3347 Certe.
643 3299 692 3346 Ho.
711 3299 763 3345 Aut
773 3298 864 3345 virtutir
876 3299 1029 3346 ostendendae
1041 3299 1115 3360 gratia
1125 3313 1223 3347 conver-

125 3377 170 3424 rnri
188 3393 214 3426 re
225 3377 354 3441 profitetur,
365 3387 389 3426 et
399 3393 440 3441 pro
450 3379 559 3426 mercede
571 3377 683 3441 pecuniae
694 3378 783 3440 exiglt;
800 3379 872 3442 idque
883 3391 957 3441 gener
968 3378 1015 3426 elio
1026 3378 1121 3426 nomine
1132 3394 1224 3428 nuncu·

125 3459 232 3517 pandum
244 3457 344 3505 videtur.
371 3455 437 3506 Tur.
456 3456 566 3513 Quidni?
595 3455 644 3506 llo.
660 3455 789 3512 Quonam?
806 3457 933 3518 exprimere
945 3464 1018 3506 tentr.
1041 3455 1107 3505 Ter.
1123 3457 1224 3507 Constat

127 3534 209 3596 plene.
242 3535 375 3599 Soplrirtem
386 3550 487 3598 nemque
496 3533 546 3598 jum
555 3535 667 3599 reperiere
679 3535 797 3583 ridemur:
810 3537 889 3584 etheo
900 3551 985 3584 nornen
997 3537 1051 3585 lruic
1061 3537 1159 3586 menime
1166 3553 1224 3587 con·

128 3627 212 3676 gruere
223 3615 327 3662 arbitror.
344 3615 394 3666 Hc.
412 3616 485 3664 Uter
497 3617 541 3663 hac
552 3616 713 3678 disputatione
724 3614 850 3679 colligitur,
857 3624 958 3674 constat,
969 3633 984 3666 o
994 3617 1125 3675 Theretete,
1134 3619 1225 3682 rophia·

127 3693 198 3742 tieem
210 3695 346 3744 lecrrltntem
357 3695 523 3760 rppellnndern
544 3711 594 3744 cere
606 3705 687 3758 entem,
698 3711 750 3759 qum
762 3698 786 3744 in
798 3698 947 3746 conciliendo
958 3699 1164 3762 comperendoque
1175 3714 1225 3747 rer·

128 3781 202 3832 rator,
212 3777 393 3841 rnirneliomque
403 3777 558 3842 greraibiliurn
569 3783 594 3825 et
605 3785 745 3825 terrenorum
758 3777 985 3840 domesticoromqne
993 3777 1086 3826 venatio
1095 3785 1139 3836 ert,
1148 3778 1224 3826 lromi·

128 3867 186 3903 nom
203 3857 313 3907 videlieet
324 3859 413 3922 privata
429 3865 526 3922 capture
537 3858 568 3905 ob
580 3873 726 3906 uunrmorum
737 3861 867 3908 mercedem
879 3871 902 3906 et
910 3858 1026 3922 juvenum
1044 3859 1144 3906 divitum
1155 3867 1226 3922 atquc

129 3937 245 3986 nobilium
265 3939 378 4001 opinione
396 3939 488 3988 virtutir
507 3940 685 4003 diroiplineque
704 3940 810 3989 irretitio.
842 3939 909 3989 Trre.
925 3939 1022 3988 Prorrun
1039 3941 1073 3988 ita
1090 3939 1225 3991 dicendum.

131 4018 183 4070 He.
203 4019 317 4068 Preterca
328 4019 372 4068 hoc
384 4020 455 4068 rnodo
467 4021 649 4072 consideremus.
675 4020 731 4069 Non
744 4023 807 4069 enim
818 4021 931 4085 rinrplicin
940 4022 1004 4077 artie,
1014 4021 1079 4085 qnod
1091 4035 1226 4084 nuncque·

129 4099 198 4160 riter,
209 4100 250 4146 red
263 4098 332 4146 verim
344 4100 470 4163 particeps.
502 4099 594 4148 Etenim
606 4117 633 4149 en
645 4102 682 4158 iir,
693 4118 746 4166 qurn
758 4117 827 4166 cupre
842 4101 950 4158 dialmua,
963 4117 1004 4164 per
1015 4101 1139 4164 imrgiuem
1150 4119 1228 4166 quen·

132 4178 189 4225 ‹lern
208 4177 341 4241 conjectare
359 4179 425 4236 licet,
444 4195 491 4227 nou
510 4181 581 4242 lrujur
601 4183 699 4245 generir,
716 4183 780 4246 quod
792 4182 902 4240 diximus,
913 4183 954 4230 ned
965 4182 1129 4231 nlterinrenre.
1159 4184 1226 4237 Tua.

133 4257 212 4323 Cujua
223 4257 312 4322 igitur?
336 4257 386 4306 llo.
404 4260 466 4308 Artir
478 4261 592 4323 prolecto,
604 4277 656 4324 quer
668 4262 692 4308 ln
704 4263 847 4326 requirendo
859 4271 969 4320 verratnr,
980 4265 1034 4311 duae
1045 4264 1137 4328 eperier
1148 4265 1226 4315 relate

135 4349 200 4399 runt,
211 4340 521 4388 venetioeteommcreiom.
536 4341 602 4388 Trrr.
619 4341 697 4390 Certe.
714 4343 764 4391 Hc.
782 4343 923 4391 commercii
934 4346 1226 4410 rerodurerurrtapeoiea:

136 4435 184 4468 una
194 4421 219 4469 in
230 4419 362 4483 largitione,
373 4420 445 4468 ultera
456 4421 480 4468 in
488 4420 609 4484 emptione
617 4422 798 4486 venditioneque
806 4423 921 4474 conrirtit.
937 4424 1003 4474 Turn.
1020 4425 1058 4474 Sic
1067 4434 1103 4474 ert
1111 4429 1226 4490 prolecto.

137 4498 188 4549 Ho.
206 4500 264 4548 Ilum
283 4516 370 4562 rorrur,
381 4515 434 4564 qum
453 4503 482 4549 ad
494 4503 618 4549 emendum
638 4503 834 4568 vendendumque
851 4505 960 4568 pertinet,
976 4505 1080 4554 bilarirrn
1091 4507 1228 4560 dividimur·

136 4578 202 4630 Trra.
220 4583 275 4639 Quo
287 4583 374 4646 pacto?
407 4581 457 4633 Ho.
474 4581 523 4641 Qui
534 4598 605 4647 opere
616 4597 658 4632 rua
670 4584 760 4633 rerrnlia
770 4585 835 4642 lacit,
847 4586 990 4650 propriorum
1002 4587 1110 4636 venditor
1119 4589 1226 4638 nomina-

139 4666 189 4709 tur:
207 4663 248 4727 qui
260 4662 336 4711 alienn
347 4665 437 4730 rendit,
455 4673 616 4715 commutator.
648 4665 714 4716 Tne.
732 4667 845 4719 Omnino.
878 4667 927 4717 Ho.
946 4669 1106 4734 Commutatio
1120 4685 1174 4719 rere
1185 4681 1226 4720 aut
