3146 5316
132 519 184 618 ιι]
452 532 658 596 ιιιοιοιιιι
683 534 894 598 εοοιιιτιι.
1173 545 1230 606 ιιι

131 712 189 752 rere,
201 703 228 745 ut
238 711 308 761 quem
320 669 527 758 optinuissent.
560 695 620 745 lime
631 701 686 761 ergo
697 698 772 754 robis,
784 697 826 762 qul
837 713 874 746 me
886 697 1229 761 condemnati-,vntum

132 778 202 826 duem
213 778 283 828 isoio.
316 777 392 828 Vobis
400 785 490 838 eutem,
500 779 542 840 qul
554 793 592 826 mo
608 778 748 837 sbsolrlstls,
759 778 860 827 libenti-r
870 779 901 826 ‹le
913 778 1050 842 hujusmodi
1061 794 1094 834 re.
1105 795 1161 844 qun
1170 797 1228 831 oon-

133 858 196 924 tigit,
206 858 390 914 mnstmerem,
401 859 513 922 quamdiu
522 858 672 922 meglstrstus
682 860 780 924 negotiu
791 859 943 916 distlueotur,
954 859 1056 908 necdum
1064 875 1094 908 oo
1105 861 1177 919 vodo,
1187 862 1230 911 not

97 965 100 980 ·
131 953 168 988 nse
179 946 272 1004 oportet
281 939 351 988 mori.
383 938 441 1004 Sed,
451 955 466 986 o
477 937 529 996 riri,
540 938 644 990 assistite
652 940 710 989 milri
726 940 753 988 id
763 947 866 1004 tempus.
899 939 967 988 Nihil
979 939 1042 988 euim
1055 940 1173 1003 prolrilret,
1189 941 1229 990 in.

130 1006 202 1068 iioem
218 1021 289 1084 (dum
305 1019 375 1084 linet)
390 1019 545 1068 cuuinbulmi·
578 1019 672 1083 Nempe
684 1021 751 1068 robis
768 1028 880 1084 truqunns
900 1021 981 1070 etnicis
996 1020 1053 1084 [40]
1069 1021 1229 1074 demonstrate

128 1099 190 1158 rulo,
200 1102 264 1164 quod
277 1101 334 1149 milri
345 1101 416 1149 modu
427 1100 524 1157 eccidit,
536 1100 649 1164 quidnsm
662 1102 735 1149 menti
746 1102 870 1164 significet.
904 1103 966 1150 Mihi
979 1102 1085 1164 quidem,
1096 1118 1112 1150 o
1120 1101 1228 1165 judices.

127 1181 181 1242 (ιιι
192 1182 255 1230 enlm
262 1180 359 1245 judiees
378 1191 440 1230 rente
458 1181 578 1244 appellere
597 1182 716 1245 possum,)
733 1183 839 1230 mlmbile
852 1183 966 1246 quiddsm
982 1183 1090 1246 contigit.
1107 1199 1151 1232 rus
1163 1184 1228 1236 enim

126 1259 167 1310 ills
183 1261 300 1310 demonis
317 1260 464 1310 ratioinrtrix
484 1259 542 1308 milri
567 1275 660 1324 semper
676 1261 701 1308 in
717 1261 832 1324 superiori
849 1269 955 1326 tempore
974 1263 1108 1328 frequenter
1129 1263 1227 1314 omnia·

127 1341 210 1390 offerre
221 1357 246 1390 se
256 1341 390 1405 monuerit,
398 1349 423 1390 et
433 1341 458 1388 iu
468 1341 537 1390 rebus
547 1340 644 1405 quidem
654 1339 779 1389 leuissimis
789 1357 815 1390 se
825 1357 958 1406 opponens,
976 1343 995 1390 ri
1006 1343 1064 1406 quid
1077 1343 1153 1392 minus
1163 1353 1228 1394 reete

125 1421 229 1470 secturus
239 1422 346 1472 iuniorem.
378 1422 450 1470 Nune
460 1429 539 1470 sutem
551 1437 580 1470 es
590 1420 659 1486 milri,
668 1437 723 1486 qum
732 1421 828 1484 ridetis,
838 1423 986 1482 acciderunt,
994 1438 1050 1488 qum
1061 1423 1167 1486 molenti)
1184 1441 1227 1490 pu-

125 1509 187 1551 taret
194 1503 280 1567 uliquis
290 1511 364 1568 suque
372 1503 526 1566 esistimsret,
532 1509 635 1552 extreme
645 1518 697 1552 esse
705 1503 828 1554 mulorum.
841 1505 883 1554 ted
891 1503 948 1553 milri
960 1519 1039 1568 neque
1049 1505 1121 1554 duiuo
1132 1506 1229 1554 meunti

126 1599 195 1632 mnne
203 1584 254 1632 Dei
265 1584 357 1648 signem
369 1584 516 1632 sdremutum
526 1589 571 1638 est.
580 1595 658 1646 neque
668 1584 725 1632 dum
737 1583 762 1632 in
769 1583 889 1649 judicium
901 1585 1035 1649 veniebam
1052 1600 1130 1650 neque
1146 1585 1170 1634 in
1182 1585 1229 1634 sll-

124 1681 174 1728 qus
184 1665 298 1714 sermonis
309 1671 383 1728 purte,
394 1664 451 1712 dum
462 1663 531 1712 verbs
542 1663 671 1712 laciebnn:
690 1665 797 1728 qunrnris
808 1664 866 1714 sliss
876 1666 1018 1736 frequenter,
1040 1667 1098 1718 dum
1108 1665 1228 1730 loquerer,

119 1745 152 1794 iu
165 1744 366 1798 mediosennonir
375 1760 443 1796 cursu
454 1745 602 1794 consueverit
610 1746 727 1796 cohibere.
744 1761 809 1794 nuno
819 1753 899 1794 sutem
910 1747 934 1796 in
944 1747 990 1796 huo
1005 1764 1030 1797 re
1046 1761 1172 1812 umquem,
1188 1745 1228 1796 rel

124 1827 219 1890 egenti,
229 1826 266 1876 rel
279 1825 387 1891 loquenti
402 1835 439 1874 est
456 1826 613 1876 adrumetum.
645 1826 723 1883 Quum
734 1839 790 1875 vero
808 1825 878 1891 liujus
897 1827 930 1876 rel
948 1843 1043 1876 esussm
1063 1842 1116 1876 esse
1135 1835 1227 1891 putem,

123 1909 195 1956 robis
205 1909 318 1974 sperisru.
351 1907 458 1974 Apparet
468 1907 542 1964 enirn,
560 1907 619 1956 milri
635 1908 699 1970 quod
719 1907 828 1971 enutigit,
846 1909 934 1956 bonrmu
953 1923 1012 1958 esse.
1029 1923 1074 1957 roe
1093 1915 1156 1956 reete
1176 1906 1226 1956 ullo

125 1989 199 2038 modo
206 1989 329 2053 judicetur
339 2005 355 2038 s
364 1988 443 2047 nohis,
459 1987 598 2052 quicunque
609 1995 706 2038 mortem
717 1988 842 2052 opinemur
852 2004 905 2038 esse
915 1988 1009 2038 melsun.
1042 1987 1118 2052 Cujus
1128 1988 1226 2052 quidem

123 2070 159 2118 rei
171 2085 257 2134 nmgns
267 2070 330 2134 apud
343 2086 380 2119 me
392 2071 442 2119 hmo
453 2078 490 2118 est
499 2068 646 2132 conjecturs,
664 2070 730 2133 quod
741 2069 834 2134 signum
845 2069 913 2127 milri,
929 2077 957 2120 ut
966 2069 1098 2127 tumuerit,
1109 2083 1227 2132 repuens·

124 2151 206 2208 risset,
221 2151 266 2198 nisi
285 2152 372 2198 bonum
388 2150 447 2214 quid
466 2157 560 2198 neturus
575 2149 680 2198 inissem.
712 2149 823 2214 Cogitsre
841 2157 920 2202 nutem
939 2151 985 2200 hoo
1004 2159 1074 2214 preto
1093 2163 1228 2214 possumus,

124 2247 191 2294 spero
201 2231 297 2280 multum
308 2246 369 2294 esse,
386 2230 413 2280 id
424 2246 475 2279 esse
487 2231 584 2280 bonum.
602 2230 702 2278 duorum
713 2232 776 2279 enim
791 2231 891 2280 alterum
908 2247 968 2280 mors
984 2239 1028 2280 est.
1046 2246 1101 2279 nam
1116 2236 1159 2278 sut
1175 2236 1227 2278 ιιιι·

123 2327 196 2377 quum
204 2311 262 2360 nihil
274 2292 422 2368 omnioo⁸sit,
433 2326 526 2360 murum
537 2311 629 2360 nullum
641 2311 711 2360 ullius
723 2311 756 2362 rei
770 2311 888 2360 retinetis
903 2312 944 2378 qni
954 2311 1080 2362 decernite
1091 2311 1158 2371 nitar
1174 2315 1229 2370 sut,

122 2391 323 2456 qnemsdmodnm
332 2391 426 2448 dieitur,
435 2390 575 2456 permutatio
586 2392 695 2456 quedem
706 2400 731 2441 et
742 2391 913 2458 transmigratio
923 2392 1009 2442 suimm
1019 2393 1050 2441 sb
1061 2393 1106 2440 hoe
1117 2391 1142 2438 in
1151 2390 1225 2439 elium

123 2472 215 2521 locum.
248 2472 304 2520 Sive
314 2488 370 2536 ergo
382 2472 461 2520 nullus
472 2482 577 2522 rosnsnet
586 2487 677 2530 sensus,
686 2473 728 2521 sed
740 2481 852 2538 tanqusm
863 2489 958 2523 somnus
968 2473 1065 2538 quidum
1076 2480 1121 2532 est,
1139 2473 1225 2536 inquo

121 2552 178 2615 quis
189 2552 306 2600 somnium
317 2553 393 2601 cernit
403 2552 504 2610 nullum,
520 2553 657 2601 sdmirsbile
668 2552 758 2602 lucrum
768 2554 812 2604 erit
829 2556 855 2604 iu
872 2563 954 2604 morte.
987 2555 1053 2604 Reor
1068 2553 1188 2618 equidem,
1204 2553 1225 2600 si

120 2649 197 2698 quem
208 2641 317 2697 oporteat
327 2633 357 2682 nd
368 2649 420 2682 euru
431 2642 535 2692 noctem,
546 2649 616 2698 quem
629 2641 695 2682 ιιιιιι
706 2634 819 2697 transegit
833 2635 924 2698 quiete,
935 2643 961 2684 ut
972 2651 1003 2683 ne
1018 2634 1159 2682 insomnium
1169 2631 1224 2695 qui·

121 2713 177 2762 dens
191 2711 265 2762 ullum
277 2714 376 2772 rideret,
387 2713 444 2762 nlius
452 2720 536 2762 noctes
545 2713 643 2778 uisque
655 2714 709 2761 sitm
720 2713 792 2762 totius
800 2713 915 2771 consens,
925 2713 1094 2778 stquodieero,
1102 2712 1223 2776 quotipso

122 2801 209 2844 noctu
220 2802 292 2858 atque
302 2794 355 2844 dies
365 2794 389 2842 iu
402 2795 449 2844 aits
460 2795 544 2844 melius
554 2795 695 2861 dulciusque
706 2795 837 2860 peregerit:
856 2810 915 2851 reor.
926 2796 1031 2860 inquam,
1042 2795 1131 2844 nedum
1147 2793 1224 2858 privs·

122 2884 172 2924 tum
182 2873 296 2938 aliquem,
312 2876 353 2924 sed
365 2891 410 2926 neo
421 2890 532 2940 ursguuru
548 2877 644 2941 quidem
663 2891 751 2940 regem,
768 2875 860 2940 aliquus
880 2891 1000 2926 nnmemo
1013 2891 1090 2939 posse.
1123 2875 1149 2924 Si
1165 2890 1222 2940 sigo

122 2955 592 3020 nteqntudsmestuon.1uernmene
609 2955 720 3021 equidem
737 2955 810 3006 dico:
828 2957 929 3022 (surim
943 2957 1003 3004 nihil
1019 2957 1073 3021 plus
1088 2957 1134 3005 lioo
1151 2963 1223 3020 proto

122 3043 201 3086 totum
212 3044 305 3102 tempus
314 3053 385 3102 quem
396 3053 443 3088 nox
456 3053 503 3087 uns
513 3055 565 3088 esse
576 3037 669 3088 ridetur
677 3035 700 3101 ι)
709 3037 753 3086 ¹uin
769 3045 849 3086 rutum
869 3053 929 3086 mors
940 3046 976 3088 est
992 3047 1103 3102 tunquam
1115 3037 1223 3086 manumi-

122 3117 199 3181 ssratio
209 3119 318 3183 quodem
328 3119 385 3168 hinc
395 3119 420 3168 in
431 3119 502 3168 elium
515 3119 600 3177 locum,
619 3135 647 3170 so
657 3135 711 3169 reru
730 3128 786 3169 sunt
805 3133 860 3184 qum
870 3119 989 3178 dicuntur,
1003 3119 1116 3168 videlicet
1132 3119 1156 3166 in
1174 3117 1223 3167 slio

121 3211 226 3246 morsum
234 3214 250 3246 s
260 3199 329 3248 uobis
340 3199 393 3248 locu
403 3215 484 3249 omnes
500 3199 625 3248 defunctos
641 3215 703 3256 esse,
714 3201 828 3262 quidnam
840 3200 924 3248 melius
934 3215 1004 3264 qumu
1016 3201 1062 3247 boo
1072 3213 1123 3248 esse
1135 3205 1223 3260 potest,

123 3294 138 3326 o
146 3276 260 3340 judiees?
294 3279 381 3343 Siquis
392 3280 454 3329 enirn
466 3279 525 3328 illuc
536 3279 665 3344 proiectus,
683 3279 742 3326 liber
753 3279 783 3326 ab
803 3277 840 3326 u'u
851 3277 893 3342 qui
904 3279 1042 3342 prolitenter
1054 3275 1149 3340 judiees
1160 3291 1221 3339 esar,

123 3358 182 3423 [ιι]
199 3374 266 3410 seros
275 3360 387 3423 repererit
402 3359 505 3425 judiees,
517 3359 559 3423 qui
571 3359 681 3422 judicare
697 3357 746 3406 illio
758 3357 920 3421 perhibentur,
931 3356 1050 3418 Minoem,
1069 3355 1223 3404 Itlrsdsrnsu·

123 3440 202 3496 thum,
214 3440 323 3496 AEacum,
338 3440 520 3505 Triptolemum,
539 3439 655 3502 aliusque,
670 3445 825 3501 quotcunque
836 3436 934 3486 semidei
950 3436 1016 3500 juste
1027 3435 1142 3494 vixerunt,
1160 3451 1224 3484 nun·

123 3519 185 3583 quid
205 3519 320 3583 ejusmodi
331 3521 504 3584 transmigratio
515 3519 579 3586 perri
592 3519 722 3584 pendondn
732 3516 885 3568 censebitur?
919 3516 1011 3567 llursus
1023 3516 1145 3581 Orpheum
1164 3517 1222 3566 Mu-

121 3615 245 3664 sreurnqus
255 3601 380 3650 eonvenite
393 3609 419 3650 et
429 3601 561 3651 Hesiodum
573 3609 598 3650 et
608 3599 747 3660 Homerum,
768 3613 840 3662 quum
854 3597 929 3648 multo
947 3597 1033 3662 uliquis
1045 3604 1148 3647 nostrum
1159 3597 1222 3646 redi·

122 3681 216 3730 meret?
248 3680 376 3747 uqoidem,
384 3682 405 3730 ri
414 3683 465 3731 lieo
477 3697 530 3730 reru
538 3689 603 3738 sunt,
614 3681 701 3746 sepius
711 3679 770 3728 mori
781 3680 861 3738 velim,
876 3680 968 3746 quippe
984 3696 1037 3730 cum
1048 3679 1105 3728 mihi
1117 3679 1223 3744 inprimis

120 3760 221 3810 mirifioe
230 3770 295 3826 grate
305 3761 337 3812 rit
346 3763 425 3812 iuturs
440 3763 554 3812 bsbitatio
571 3761 612 3810 illn
628 3771 700 3827 utque
719 3761 874 3819 consuetudo,
891 3761 1082 3827 qusndoquidetu
1101 3776 1150 3810 uus
1166 3777 1220 3810 eum

120 3841 252 3892 Pnismede
263 3843 355 3892 iuturus
363 3860 425 3902 sum,
436 3855 461 3893 et
471 3843 556 3908 Ajsoe,
566 3843 701 3892 Telemonis
717 3843 777 3906 filio,
795 3849 821 3891 et
838 3842 890 3892 eliis
908 3843 1066 3908 entiquorum,
1084 3841 1222 3905 quicunque

119 3923 181 3972 lslso
193 3923 299 3972 dsmnni
306 3923 399 3987 judicio
407 3925 559 3974 decesserunt
568 3941 583 3974 e
594 3925 652 3988 vite,
661 3926 726 3989 apud
738 3925 804 3989 quod
814 3939 879 3972 meos
889 3939 957 3972 rusus
964 3937 1017 3971 eum
1027 3921 1119 3970 illorum
1128 3921 1222 3968 ossibus

118 4003 230 4053 conterre
241 4001 360 4065 utrinque,
371 4003 512 4062 utsrbitror,
531 4021 580 4054 nou
597 4003 755 4068 injucundum
774 4004 843 4052 soret.
875 4003 939 4052 Illud
956 4009 1069 4066 preteres
1087 3999 1222 4058 murinum,

118 4083 171 4133 illie
183 4082 272 4144 degere
282 4089 423 4132 eruorem
433 4085 539 4149 singulos
548 4095 620 4150 utque
630 4085 813 4141 emminrutem,
822 4082 1020 4150 quemadmodum
1035 4079 1074 4128 hio
1085 4077 1141 4139 leci,
1158 4081 1222 4144 quia·

119 4179 176 4212 num
187 4161 283 4211 illorum
294 4161 387 4226 sepiens
399 4163 437 4220 sit,
448 4166 545 4228 etquis,
555 4181 609 4214 cunr
621 4166 722 4221 nonsit,
741 4181 766 4212 se
781 4171 860 4212 temen
876 4160 994 4210 existimet
1011 4160 1143 4223 sapientem
1162 4175 1222 4209 esse.

118 4243 227 4292 Proinde
237 4242 320 4306 quenti
331 4241 465 4292 laciendum
477 4251 522 4306 ert,
530 4260 546 4291 ο
553 4243 658 4307 judiees,
669 4243 808 4308 pemerutsri
819 4244 913 4298 durem,
926 4240 968 4304 qni
980 4245 1072 4287 tuntum
1081 4239 1113 4299 sd
1124 4237 1220 4303 Trojam

119 4324 192 4372 duxit
199 4323 346 4374 exereitum?
362 4323 400 4372 rel
413 4323 506 4374 Ulixem
523 4327 561 4373 rel
571 4325 700 4388 Sisyphum
711 4323 817 4388 illosque
833 4337 903 4386 quens
924 4318 1044 4384 plurimos,
1062 4335 1122 4386 quoa
1139 4321 1222 4370 referre

120 4405 178 4468 quis
190 4412 276 4469 potest,
286 4405 349 4454 viros
358 4412 384 4473 et
394 4403 519 4455 mulieres?
536 4406 677 4470 quibuscum
692 4403 759 4470 loqui
768 4411 839 4467 atque
855 4401 1011 4452 eremiusndo
1022 4402 1115 4461 rersnri,
1134 4403 1222 4454 inmiti·

121 4483 217 4534 mslsilia
226 4501 322 4550 prorsus
332 4485 433 4537 leliuitrs
443 4495 513 4536 esset
530 4487 647 4552 siquidem
659 4485 730 4551 liujus
740 4501 820 4542 cauas,
827 4482 869 4548 qui
878 4483 927 4533 illio
937 4483 1036 4548 degunt,
1047 4485 1109 4534 huud
1121 4485 1222 4552 amplius

122 4565 267 4616 moriuntur:
284 4576 387 4634 suntque
398 4567 434 4620 illi
445 4566 514 4618 uubis
525 4577 550 4620 et
560 4567 585 4618 ln
596 4568 666 4618 rebus
676 4567 728 4617 eliis
739 4565 865 4624 bestiores,
876 4573 901 4615 st
911 4565 937 4616 in
947 4581 977 4616 eu
988 4565 1092 4634 iusuper,
1110 4567 1174 4631 quud
1186 4581 1222 4615 re·

194 4646 263 4696 Plot·
276 4649 319 4698 Tr.
713 4645 735 4700 1.
1112 4645 1135 4694 Τ
