3146 5316
345 533 402 598 tn
750 533 754 542 ’
790 524 1019 588 Ριιιοιιιι’
1384 521 1443 606 [ιι

343 693 425 740 contre
435 699 472 736 me
481 685 548 736 ieret.
579 683 605 733 Si
615 683 669 749 qnie
678 697 734 748 ergo
745 680 857 731 interm
867 680 920 746 ejns
933 679 1020 730 ruentis
1031 685 1076 736 est,
1089 693 1134 742 ego
1151 683 1230 728 temen
1242 692 1291 729 nors
1301 693 1387 728 eeneeo
1397 679 1443 726 ob·

344 768 491 826 mnndum,
502 767 544 816 sed
555 767 600 816 heo
610 765 700 814 rstione
711 764 790 828 potius
799 777 867 828 eque
882 777 920 810 me
931 762 994 810 hune
1005 759 1179 810 eiioonturumr
1195 761 1257 808 Sunt
1267 768 1293 808 et
1304 759 1371 818 mihi,
1382 775 1396 808 o
1408 759 1444 808 ιιι

344 849 445 914 optime,
465 847 559 912 cogeni
569 846 675 910 quidem.
706 843 792 910 Neque
803 843 875 901 enim,
894 849 923 890 ιιι
932 841 1011 906 inquit
1026 840 1152 899 Homerus,
1166 856 1195 888 ex
1210 855 1301 904 quercu
1312 839 1350 888 rei
1367 847 1443 903 petre,

345 929 388 980 sed
399 927 572 978 exhominibne
589 935 658 976 notus
673 941 735 976 sum.
768 925 854 991 Itsque
870 931 896 973 et
911 930 1026 988 eognstos
1042 923 1128 979 bebeo,
1145 921 1214 970 oriri
1231 919 1400 976 Athenieeses,
1418 927 1445 969 et

345 1009 408 1060 diios
419 1016 481 1069 tree;
498 1024 596 1074 quornm
614 1023 675 1057 unus
686 1006 737 1072 jem
755 1004 879 1063 sdolescit,
898 1005 947 1052 duo
965 1011 1044 1054 summ
1064 1009 1120 1052 sunt
1136 1001 1235 1067 perruii.
1251 999 1344 1050 nulium
1362 1008 1443 1050 ιιιιαι

345 1101 427 1148 eorum
438 1090 485 1138 huc
495 1089 620 1147 eddonem,
631 1087 805 1152 mppiiceturue
816 1102 846 1136 eo
856 1092 927 1150 pecto
937 1101 953 1134 e
961 1085 1028 1134 robis
1042 1083 1141 1135 ebsuiri.
1174 1083 1280 1134 curnem
1295 1082 1367 1146 igitur
1382 1081 1443 1130 nihii

346 1169 430 1218 bornrn
441 1169 543 1220 {miseri
575 1169 633 1218 Nou
649 1169 777 1234 pertinenie
788 1167 845 1226 uiis,
863 1181 941 1232 neque
952 1174 1098 1230 contemptu,
1114 1164 1159 1214 riri
1173 1161 1347 1212 Athenienses:
1366 1171 1442 1212 etrum

347 1264 404 1298 vero
414 1250 525 1298 endscter
539 1265 575 1298 me
584 1249 682 1298 hebeem
693 1263 748 1313 erge
759 1255 865 1304 mortem,
884 1263 914 1296 en
925 1263 984 1305 nou,
994 1246 1040 1296 eiie
1051 1245 1110 1295 retio
1120 1253 1165 1295 est.
1197 1243 1238 1292 Ao
1246 1242 1443 1292 existimetionere

347 1335 435 1388 temen,
446 1337 471 1378 et
481 1329 536 1387 rnei,
545 1338 571 1380 et
581 1330 658 1387 vestri,
669 1337 695 1378 et
704 1329 807 1378 ciritetir
817 1327 901 1384 totius,
918 1343 967 1376 non
981 1327 1078 1376 erbitror
1089 1325 1214 1392 nminem,
1225 1331 1253 1373 ut
1262 1324 1310 1374 ists
1321 1323 1405 1372 ieeiern
1416 1323 1442 1372 in

345 1409 393 1460 nee
403 1418 481 1468 erem,
491 1418 516 1460 et
525 1411 570 1460 hoe
581 1411 684 1466 nomine,
695 1411 758 1473 quod
770 1417 854 1458 nectus
864 1425 915 1457 suro
926 1425 935 1470 ς
951 1407 999 1456 eise
1010 1408 1035 1456 id
1045 1423 1125 1457 rerum
1141 1407 1182 1465 sit,
1201 1405 1251 1454 sire
1267 1404 1364 1453 isinum.
1395 1403 1443 1454 Ar·

345 1496 425 1540 temen
432 1490 483 1554 jem
495 1491 607 1554 opinione
617 1491 739 1540 bominum
750 1496 941 1554 pmoecupsmnr
957 1495 1002 1546 est,
1012 1488 1130 1538 &ersten
1140 1488 1202 1536 inter
1211 1487 1299 1534 multus
1311 1485 1369 1550 [³5]
1382 1502 1441 1550 pre-

347 1571 419 1636 cipuo
435 1572 538 1635 quodern
554 1570 677 1620 excellere.
709 1570 736 1616 si
754 1585 809 1632 ergo
822 1569 855 1625 bi,
871 1570 913 1632 qui
928 1571 1037 1617 intervos
1053 1567 1177 1632 sepientis,
1188 1569 1226 1615 rel
1242 1567 1392 1630 fortitudine,
1406 1567 1443 1616 rel
1488 1561 1492 1566 ¹

347 1651 431 1714 queris
445 1651 492 1699 niis
501 1649 587 1699 virtute
603 1655 712 1713 prestere
728 1648 898 1704 existimentur,
915 1649 973 1696 teies
983 1655 1061 1704 erunt,
1077 1646 1159 1711 queies
1173 1661 1237 1710 smne
1247 1647 1373 1710 quendem,
1389 1663 1442 1696 enm

346 1731 380 1792 de
389 1729 438 1780 iliis
444 1729 597 1795 judienretur,
608 1729 666 1785 ridi,
678 1737 745 1792 turpe
757 1727 855 1776 nimiurn
868 1727 920 1777 erit.
936 1728 979 1791 qui
988 1741 1042 1776 cunr
1052 1742 1104 1776 esse
1120 1725 1220 1790 siicnjue
1236 1727 1308 1791 pretii
1324 1728 1443 1776 existime-

346 1818 436 1868 rentur,
446 1817 550 1858 ettemen
561 1807 683 1873 injudicio
694 1808 776 1856 rnirom
787 1807 813 1856 in
825 1808 921 1856 modum
932 1807 1128 1856 commiserationi
1139 1807 1281 1866 studebent;
1298 1807 1367 1872 qussi
1375 1825 1442 1872 grere

348 1890 437 1954 eliquid
449 1890 546 1954 pesnrri,
558 1891 615 1938 sies
627 1890 671 1938 hec
683 1889 732 1938 rite
741 1887 901 1937 decemrint:
919 1887 1017 1952 perinde
1031 1901 1060 1936 ec
1076 1887 1218 1936 immoneies
1229 1897 1309 1936 essent
1325 1889 1407 1946 interi,
1422 1890 1442 1936 ei

348 1987 390 2022 ros
400 1971 454 2020 iilos
464 1987 513 2020 uon
522 1970 643 2020 occidetis.
676 1968 751 2034 Atqui
762 1969 786 2018 hi
797 1969 855 2018 mihi
865 1968 975 2018 ridentur
982 1967 1072 2018 civiteti
1083 1969 1187 2017 dedecus
1203 1969 1303 2018 efferre:
1320 1977 1443 2034 propteres

348 2054 412 2117 quod
432 2052 564 2102 eristirnene
582 2049 755 2116 peregrinorum
773 2049 858 2114 eliquis
877 2057 966 2115 potest,
984 2063 1034 2104 eos,
1053 2049 1093 2113 qui
1111 2047 1172 2097 inter
1189 2048 1349 2098 Athenienses
1359 2051 1443 2098 virtute
1489 2073 1493 2078 ·

347 2141 467 2198 prestent,
482 2133 507 2182 in
525 2131 743 2196 megistretibusqne
758 2130 890 2194 catenisque
910 2130 1038 2178 honoribus
1056 2129 1188 2194 superiores
1206 2131 1333 2188 hebentnr,
1351 2129 1409 2180 nihil
1426 2146 1442 2178 e

348 2215 483 2264 mulieribus
494 2212 595 2262 differre.
628 2211 688 2260 iisne
700 2217 787 2268 eutem,
807 2226 821 2259 o
832 2209 876 2258 riri
887 2209 1054 2268 Athenienses,
1070 2226 1115 2260 nee
1125 2227 1178 2266 vos,
1197 2209 1239 2275 qni
1249 2210 1351 2274 eiicujns
1361 2218 1444 2260 sunto·

348 2295 425 2344 nitetis
435 2309 485 2342 eene
496 2292 618 2349 uidemini,
635 2292 714 2341 iecere
725 2293 795 2340 decet
802 2308 811 2351 3
827 2305 914 2356 neque,
930 2291 1024 2342 etiemsi
1034 2305 1078 2340 noe
1087 2291 1163 2340 iecere
1175 2289 1283 2349 velimus,
1295 2293 1444 2354 pnnnittere:

348 2376 392 2424 sod
403 2376 448 2422 hoc
459 2373 535 2436 ipsum
547 2373 679 2429 uetendere,
697 2387 804 2422 roseum
815 2371 890 2420 multo
903 2372 976 2436 megis
987 2374 1137 2422 dernnetnros
1147 2387 1208 2430 esse,
1225 2373 1266 2436 qui
1277 2373 1444 2422 cnmrnisersti·

350 2469 408 2504 ones
418 2452 535 2516 ejusmodi
546 2452 706 2512 introducens,
717 2452 839 2502 ridicuiem
847 2454 976 2502 reddiderit
986 2453 1114 2511 ciritstem,
1125 2469 1196 2518 quem
1207 2454 1283 2510 ilium,
1296 2454 1340 2519 qui
1352 2455 1444 2520 quietus

345 2533 463 2598 judicium
474 2533 651 2598 exspectsrerit.
683 2533 797 2593 Proinde,
807 2552 823 2584 o
831 2535 875 2584 riri
886 2533 1053 2593 Athenienses,
1062 2535 1156 2586 secedit
1165 2536 1196 2584 ed
1205 2551 1244 2598 ee,
1252 2551 1307 2600 quer
1318 2536 1351 2584 de
1365 2537 1445 2586 cirite·

349 2614 561 2666 tis-esisn'metione
571 2615 636 2664 dicte
645 2623 710 2673 sunt,
728 2617 793 2681 qnod
812 2631 857 2666 nee
874 2616 966 2681 justum
976 2616 1034 2664 mihi
1050 2617 1141 2666 ridetur
1155 2631 1215 2675 esse,
1227 2615 1337 2681 jndicem
1349 2618 1445 2680 proceri,

265 2709 268 2718 '
346 2711 426 2761 neque
438 2697 555 2761 preeundo
566 2697 813 2754 ehsoiri,seddoeere
823 2705 895 2762 etque
905 2697 1012 2749 eusdere.
1046 2696 1272 2748 Nonenimedhoc
1282 2697 1444 2762 sedetjuder,

347 2786 375 2825 nt
385 2793 428 2842 per
441 2778 539 2841 gestiens
555 2779 680 2836 concedet,
695 2779 737 2828 sed
753 2785 781 2828 ιιι
794 2778 890 2842 judicet
903 2781 1033 2828 secundnm
1050 2779 1122 2842 leges.
1152 2777 1233 2842 Atque
1249 2778 1274 2826 id
1288 2777 1444 2843 jurejurendu

347 2858 463 2922 promisit,
480 2875 529 2908 uon
547 2873 590 2924 per
599 2859 847 2924 grestem-cuicunque
864 2859 957 2908 libuerit
973 2861 1117 2918 condonere,
1131 2860 1172 2908 sed
1186 2859 1298 2923 judicsre
1313 2862 1443 2910 secundum

346 2937 421 3002 ¹leges.
452 2938 510 2988 Nun
526 2940 596 3004 igitur
611 2940 676 2998 lieet,
693 2940 729 2988 rei
747 2940 815 2988 nobie
827 2939 972 2990 essueiscere
982 2957 1025 2990 ros
1041 2939 1154 3005 dejerare,
1170 2941 1208 2989 rei
1225 2941 1301 2998 robis,
1320 2941 1447 2992 sesnefieri.

347 3019 423 3068 neutri
434 3021 496 3069 enirn
507 3027 610 3070 nostrum
621 3019 757 3084 religionem
769 3029 894 3070 serrerent.
926 3020 1009 3070 Nolite
1019 3037 1084 3086 ergo,
1094 3037 1109 3070 o
1118 3021 1160 3070 riri
1167 3020 1335 3086 Athenienses,
1344 3024 1445 3087 exigere,

348 3099 406 3150 telis
415 3116 452 3150 me
464 3102 527 3165 spud
540 3117 583 3150 vos
592 3117 672 3166 egere,
682 3115 735 3164 qne
746 3116 825 3165 neque
835 3103 943 3160 horrente,
954 3117 1032 3167 neque
1039 3101 1114 3166 juste,
1129 3117 1206 3168 neque
1217 3111 1299 3153 sencte
1307 3119 1359 3152 erse
1370 3111 1445 3167 puto:

347 3189 373 3229 et
391 3181 415 3230 id
429 3181 526 3246 quidem
545 3183 651 3244 omnino,
670 3182 797 3246 presertim
809 3197 864 3232 sero
879 3197 922 3247 per
943 3183 1038 3240 Josern,
1055 3199 1109 3234 curn
1128 3185 1255 3248 impietetis
1269 3199 1324 3247 erge
1341 3185 1415 3232 deum
1431 3199 1447 3231 e

347 3263 436 3314 Melite
447 3265 492 3314 boe
502 3278 607 3314 ertuser.
639 3262 758 3321 Proiecto,
768 3262 791 3312 si
801 3278 919 3326 pergerem
931 3265 1070 3328 permedere
1081 3263 1156 3324 robis,
1168 3262 1445 3328 precendoqueflectere,

347 3361 401 3396 curn
409 3346 550 3412 jurereritis,
562 3347 669 3394 docerem
682 3343 775 3407 utique,
786 3358 828 3390 ros
837 3359 885 3392 uon
897 3331 980 3408 peiere
990 3345 1049 3394 deos
1059 3361 1128 3407 esse;
1145 3361 1173 3395 so
1184 3359 1269 3401 revere,
1280 3345 1336 3392 dum
1348 3358 1393 3406 pro
1405 3359 1444 3392 me

348 3427 510 3476 defensionem
521 3442 587 3492 pero,
599 3440 636 3475 nse
647 3425 724 3490 ipsum
735 3423 830 3474 interim
845 3438 989 3482 occurerem,
1005 3425 1072 3490 qussi
1083 3427 1141 3474 deos
1152 3441 1297 3491 nequeqrrem
1308 3423 1447 3473 existimen-

348 3514 407 3555 tem.
439 3506 487 3554 Sed
499 3507 597 3554 multum
608 3507 684 3568 ebert,
697 3512 723 3552 ut
733 3504 768 3554 ite
779 3521 805 3554 se
820 3519 856 3554 ree
871 3505 966 3554 hebent.
982 3506 1091 3556 existimo
1106 3521 1208 3570 nemque
1224 3521 1275 3555 esse
1290 3505 1359 3562 deos,
1378 3519 1395 3552 o
1405 3505 1448 3554 riri

349 3584 517 3642 Athenienses,
528 3586 602 3649 megin
616 3601 686 3650 quem
704 3586 829 3650 quiequem
846 3601 949 3634 meomm
964 3593 1143 3648 comestorum
1159 3587 1265 3636 scrobis
1281 3587 1378 3651 deoque
1395 3603 1447 3651 per·

347 3663 427 3721 mitto,
438 3665 469 3712 de
480 3679 517 3714 me
525 3663 641 3728 judicare,
652 3673 679 3714 nt
688 3666 746 3714 nrihi
760 3673 786 3715 et
800 3666 866 3714 robis
882 3666 912 3714 eit
922 3667 1102 3718 conducturum.
1137 3669 1209 3727 Quod
1222 3683 1276 3716 rere
1287 3683 1337 3716 non
1348 3669 1448 3732 greriter

348 3744 430 3801 ierem,
441 3759 456 3791 o
467 3742 686 3808 minuentem,
697 3761 736 3794 nre
747 3762 763 3794 e
773 3747 840 3796 robir
850 3763 900 3796 erse
918 3748 1064 3812 demnstnrn,
1080 3748 1137 3813 [so]
1154 3757 1181 3798 et
1197 3748 1244 3798 siis
1263 3749 1339 3798 mults
1348 3749 1447 3806 iseient,

348 3825 443 3876 utillud
456 3825 479 3872 in
492 3825 581 3889 primis,
601 3827 666 3889 quod
675 3841 723 3876 non
737 3835 820 3890 preter
830 3845 897 3893 spem
908 3828 933 3878 id
944 3829 1049 3878 recidit:
1066 3845 1146 3878 serum
1162 3829 1237 3878 multo
1253 3831 1329 3894 nrsgie
1348 3830 1447 3878 edrneor

347 3915 500 3970 utrorumque
510 3906 792 3958 numerumcelonlorurn.
824 3909 946 3974 Siquidem
957 3925 1004 3960 non
1017 3911 1137 3974 putebem,
1149 3919 1197 3960 tenr
1208 3926 1286 3975 peuce
1303 3910 1446 3960 ceiculorum

349 3988 490 4038 numeroso
501 3986 649 4040 ebsolutione
660 3989 751 4038 eberse.
767 4003 831 4040 nunc
845 3998 935 4049 eutem,
953 3998 981 4039 ut
990 3991 1092 4048 ridetur,
1103 3993 1121 4040 si
1134 4001 1179 4041 tres
1190 3992 1265 4040 sotum
1283 3991 1372 4042 oelcrsii
1381 3991 1446 4039 eliter

347 4069 499 4126 cecidissent,
517 4071 657 4118 ersdebnnr.
690 4069 802 4120 Melitum
821 4081 883 4120 certe
905 4087 969 4120 nune
995 4073 1095 4122 eresisse
1120 4073 1219 4122 videor:
1242 4088 1323 4136 neque
1347 4072 1447 4122 erasisse

347 4149 442 4212 eoium;
458 4151 501 4199 sed
510 4150 637 4215 unicuique
648 4157 750 4208 constet,
761 4153 807 4200 nisi
821 4151 971 4202 surrexisrent
981 4153 1076 4218 Anytus
1093 4162 1120 4203 et
1135 4153 1228 4219 Lycen,
1248 4169 1284 4202 me
1299 4161 1447 4209 monetes,

348 4230 412 4280 nine
422 4233 542 4282 drechrnee
553 4232 619 4283 illurn
639 4232 711 4282 iniere
729 4247 865 4298 pensurum,
883 4235 995 4297 quonism
1011 4242 1100 4299 pertem
1113 4237 1220 4300 quintum
1237 4235 1382 4286 esicniorum
1398 4250 1446 4284 non
1516 4236 1518 4249 '

349 4311 489 4372 sccepisset.
521 4314 679 4377 Liceturergo
687 4313 805 4378 judicium
817 4323 891 4364 morte
902 4317 999 4366 viriste.
1016 4325 1077 4366 esto.
1093 4318 1134 4366 sod
1143 4315 1446 4381 ego,oririrbtireniensee,

347 4403 451 4451 quonum
468 4407 505 4440 me
523 4393 641 4443 iicesnrini
657 4395 799 4458 postulabo?
832 4397 873 4446 An
889 4413 938 4446 non
949 4397 1061 4448 videlicet
1070 4414 1109 4456 eo,
1119 4413 1168 4463 quo
1178 4398 1264 4462 diguus
1274 4398 1347 4446 snm?
1381 4396 1446 4454 Quid

350 4467 424 4529 ergo?
441 4470 552 4532 quidnsnr
572 4475 670 4538 dignum
685 4487 729 4534 est,
748 4479 796 4542 peti
808 4495 845 4528 me
861 4487 902 4526 sut
921 4481 1032 4543 pendere,
1049 4481 1082 4528 ob
1096 4479 1132 4537 id,
1148 4480 1215 4543 qnod
1233 4493 1286 4542 quse
1295 4477 1383 4536 didici,
1399 4491 1447 4526 non

349 4547 462 4608 siluerim,
470 4550 512 4600 sed
527 4554 676 4618 neglexerim,
687 4573 835 4624 quecunque
852 4561 920 4610 multi
930 4559 988 4612 iseit
998 4561 1093 4627 suiuus,
1102 4567 1227 4625 questum,
1238 4573 1286 4612 rent
1297 4558 1447 4619 ierniiierem,
