3138 5300
123 537 197 618 err]
550 537 773 600 onlrrnus.
1159 539 1215 600 ³³1

119 708 189 744 muer
204 693 250 744 nisi
261 693 322 744 torte
331 691 531 758 quernsdmodum
540 691 642 756 Tregici,
649 691 759 756 quotiens
766 690 1069 755 mbtgunr,eomneuriuis
1076 691 1218 755 quibusdem

118 773 311 824 mscbinsmentis
321 775 352 822 sd
362 775 420 822 deos
431 771 580 835 confugiunt,
595 772 630 820 its
640 779 666 820 et
675 787 719 820 nos
729 771 795 822 ocius
806 787 854 821 rem
864 770 1030 836 etpedismus,
1042 770 1149 820 dioentm
1159 773 1217 822 deos

117 855 192 918 prime
201 855 297 902 nomine
307 853 421 918 porcien,
433 861 458 901 et
468 852 554 902 iccirco
565 859 628 900 recte
637 851 745 900 inetituts
752 853 833 903 luisse.
866 851 891 902 N
893 852 983 917 unquid
993 849 1139 914 potierimum
1148 850 1217 898 nobis

117 935 157 984 bic
169 934 261 983 sermo?
278 949 308 982 en
319 934 368 990 ille,
379 933 443 998 quod
455 933 507 996 ipss
518 947 532 980 e
544 931 645 980 berberis
655 931 795 996 quibnedem
806 932 959 996 recepimus?
976 929 1059 996 (uobis
1070 929 1161 993 quippe
1172 944 1217 978 ens

118 1012 230 1078 tiqniores
240 1021 297 1062 sont
309 1012 412 1076 berberi)
424 1012 460 1062 rei
472 1013 537 1076 quod
548 1012 579 1061 ob
596 1017 736 1061 retusteteur
751 1011 785 1060 ite
796 1028 825 1061 es
842 1013 916 1077 [426]
933 1011 1037 1061 discmni
1047 1016 1179 1074 nequeunt,
1189 1013 1218 1056 nt

117 1098 142 1140 et
152 1092 266 1142 berberei
296 1092 509 1156 Tergivereeticnes
519 1092 572 1140 intre
583 1097 648 1150 sunt,
659 1098 684 1139 et
700 1090 832 1140 bellissime
850 1092 956 1156 quidem,
968 1091 1059 1140 illomm
1079 1090 1216 1154 quicunque

118 1171 195 1220 nolim
205 1172 236 1221 dc
247 1179 311 1220 recte
320 1172 473 1235 impositione
485 1171 610 1235 primorum
622 1170 744 1220 nominum
761 1173 858 1221 reddere
875 1172 998 1220 rationem.
1032 1170 1129 1220 Etenim
1149 1171 1215 1236 quis·
1309 1163 1310 1168 ¹

117 1251 267 1313 quierectsm
278 1251 404 1316 primorum
415 1251 537 1300 nominum
554 1252 668 1301 rstionem
686 1252 786 1316 ignoret,
798 1251 946 1316 sequentium
965 1267 1106 1314 cognoscere
1125 1251 1217 1314 nequit.

116 1331 166 1380 bec
179 1347 247 1396 porro
256 1349 285 1381 es
296 1331 344 1380 illis
356 1332 500 1381 dcelersnds
515 1340 586 1380 sunt:
604 1331 647 1379 ille
665 1341 744 1380 eutem
759 1333 781 1380 is
796 1332 899 1396 ignoret.
915 1331 972 1396 quin
984 1332 1064 1396 potius
1074 1347 1170 1380 necesse
1181 1338 1217 1378 est

116 1412 263 1473 sequentium
282 1412 388 1475 peritieur
408 1412 567 1476 profitentem,
580 1412 654 1460 multo
670 1412 735 1475 prius
755 1420 781 1462 et
790 1412 923 1462 ebsolutius
933 1410 1099 1460 entecedentis
1110 1425 1219 1472 compre·

116 1491 236 1552 nmnioe,
246 1506 363 1554 posseque
374 1491 507 1542 ostendere.
523 1489 589 1538 eliter
600 1497 678 1540 eutem
688 1491 747 1540 scire
758 1491 839 1546 debet,
850 1507 875 1540 ee
893 1491 918 1539 in
933 1491 1085 1555 sequentibus
1103 1488 1215 1537 deliratu-

115 1583 175 1620 mm.
192 1584 223 1617 en
241 1569 309 1618 eliber
324 1570 375 1633 ipse
390 1570 489 1620 censeri
521 1569 613 1626 lienes.
630 1569 701 1618 linud
720 1570 798 1632 aliter,
807 1570 923 1620 Someten
957 1570 1000 1618 So·
1017 1569 1078 1626 Quin
1097 1583 1142 1631 ego
1154 1566 1216 1614 sensi

114 1649 146 1696 de
157 1649 239 1711 primis
249 1649 390 1708 nominibus,
407 1649 533 1700 insolentie
549 1649 693 1712 ridiculeque
711 1650 840 1698 edmodum
857 1665 909 1698 esse
927 1649 984 1696 mibi
995 1648 1120 1697 ridentur:
1138 1661 1215 1710 enque

114 1735 203 1791 tecum,
220 1728 241 1776 si
256 1729 322 1783 reiis.
340 1729 526 1779 cummunicebc.
543 1729 563 1776 sl
580 1729 638 1793 quid
650 1745 705 1779 eero
725 1737 751 1776 tu
771 1729 855 1779 melius
873 1729 999 1789 inveneris,
1011 1745 1101 1778 mecum
1121 1734 1146 1776 et
1163 1727 1215 1789 ipse

116 1807 273 1858 communior.
307 1807 400 1859 Hrnrr.
416 1808 533 1858 Efficietn-
548 1809 589 1858 sed
608 1809 647 1858 dic
663 1811 715 1873 jsru
731 1811 785 1858 toni
803 1810 892 1860 snimo.
925 1809 968 1858 So.
985 1809 1105 1872 Principio
1116 1808 1216 1872 iprumr

117 1887 182 1934 relut
197 1887 378 1936 instrumentum
390 1889 466 1937 omnis
476 1895 554 1936 motor
569 1904 620 1938 esse
631 1890 735 1939 videtur.
750 1905 793 1940 cur
803 1899 881 1939 eutem
893 1898 970 1938 rnotue
985 1888 1064 1936 cinisio
1074 1887 1216 1950 eppelletur,

118 1981 166 2016 non
178 1968 287 2016 diximus.
305 1977 371 2032 petet
383 1976 461 2017 temen
469 1969 533 2032 quod
545 1968 611 2028 ieris,
621 1968 646 2016 id
663 1977 701 2017 est
711 1969 762 2026 itio,
773 1985 824 2018 esre
835 1969 895 2018 ruit.
911 1967 1032 2016 nonenim
1043 1966 1075 2014 itu
1087 1967 1216 2029 quondam,

118 2048 158 2096 red
169 2063 184 2096 c
195 2050 326 2103 utebernur.
343 2048 484 2112 principium
496 2057 575 2098 eutem
585 2049 666 2106 eciin,
678 2050 702 2098 id
714 2057 751 2098 est
761 2049 804 2112 ire,
815 2051 880 2113 quod
901 2043 1048 2112 peregrinum
1067 2060 1153 2094 nornen
1170 2053 1215 2100 est,

119 2135 143 2176 et
153 2128 222 2185 iene,
239 2129 263 2178 id
274 2137 311 2178 est
320 2130 364 2186 ire,
374 2128 500 2192 significet.
535 2128 615 2185 Quere
625 2128 645 2176 si
665 2127 767 2190 priscum
782 2127 835 2191 ejne
853 2141 938 2176 nomen
950 2126 1087 2189 reperiatur,
1098 2124 1122 2172 in
1134 2139 1215 2172 rocem

118 2217 219 2256 nostrem
230 2209 445 2270 trsnslstum,recte
456 2209 511 2258 ieris
521 2208 689 2274 appellabitur.
707 2223 770 2256 nunc
781 2216 860 2264 sutem
871 2210 901 2255 sb
912 2208 968 2263 ciin,
980 2204 1077 2254 nomine
1083 2203 1216 2268 peregrino,

116 2296 143 2334 et
152 2287 229 2352 ipsius
240 2289 273 2336 ite
283 2290 468 2338 communnione
478 2295 503 2336 et
513 2305 530 2336 n
545 2290 620 2354 ipsius
635 2288 815 2352 interpositione
825 2288 905 2336 cinisii
917 2293 1077 2350 nuncupetur.
1092 2284 1217 2348 oportebit

119 2375 197 2416 eutem
208 2369 298 2417 cinisim
311 2370 347 2418 rel
357 2369 410 2416 isinr
420 2369 507 2418 dicere.
540 2370 621 2427 Stesis,
634 2370 658 2418 id
669 2377 706 2418 eet
716 2370 797 2425 cirtio,
808 2369 904 2432 negotio
920 2369 995 2432 ipsius
1008 2368 1079 2424 ienoe,
1090 2365 1116 2414 id
1126 2374 1163 2414 est
1172 2365 1217 2426 ire,

117 2461 167 2496 eree
179 2447 239 2496 ruit.
256 2448 298 2496 red
309 2457 404 2496 ornetur
415 2462 486 2496 csnse
497 2449 565 2496 streis
575 2449 747 2498 denominatur.
782 2449 932 2498 Elementum
950 2447 1035 2512 utique
1051 2447 1129 2511 ipsum
1140 2461 1160 2500 r,
1172 2461 1218 2508 op-

115 2533 243 2588 portunum
260 2535 337 2574 motus
353 2527 541 2583 instrumentum,
552 2535 580 2574 ut
596 2529 667 2576 modo
683 2510 801 2586 dicebim,
811 2529 886 2576 visum
904 2537 941 2576 est
951 2529 1072 2576 nominum
1083 2528 1173 2576 euoturi
1183 2524 1215 2572 ed

115 2603 189 2668 ipssm
200 2605 295 2654 letionis
306 2605 482 2655 similitudinem
494 2607 677 2669 exprimendum.
697 2609 782 2671 pssrim
798 2609 879 2672 itaque
890 2625 901 2656 r
911 2611 941 2656 ed
953 2617 1030 2656 motor
1040 2606 1214 2670 expressionem

116 2685 197 2732 utitur.
231 2684 260 2732 Iu
273 2686 346 2748 primo
357 2685 453 2749 quidem
466 2686 518 2750 ipso
528 2686 580 2734 rbin
591 2695 615 2736 et
626 2689 691 2745 rboe,
703 2689 728 2736 id
739 2699 775 2736 est
786 2690 856 2738 liuere
868 2689 990 2751 fluxuque,
1001 2703 1042 2751 per
1052 2687 1143 2734 literem
1160 2701 1171 2732 r
1181 2685 1216 2732 le·

114 2763 201 2812 tionem
213 2763 333 2812 imitetur:
351 2765 438 2814 deinde
449 2766 475 2814 in
487 2776 573 2829 nomo,
585 2767 610 2814 id
629 2776 666 2815 est
677 2777 784 2826 tremore,
795 2777 820 2818 et
832 2770 916 2826 trscbi,
925 2784 1017 2832 cepero,
1035 2768 1091 2816 item
1102 2767 1128 2814 in
1139 2765 1215 2814 verbis

115 2841 260 2906 hujusmodi,
280 2845 345 2892 cruin
363 2854 494 2907 percutere,
512 2847 605 2902 ibreuin
625 2847 753 2904 vulnerare,
770 2849 852 2912 erycin
873 2849 972 2904 trebete,
992 2847 1090 2911 tluiptin
1109 2845 1214 2908 ireogere

114 2938 281 2986 enerrereque,
292 2925 427 2973 cermetiein
438 2925 551 2982 incidere,
563 2927 669 2976 rlrembin
682 2929 798 2991 eccillum,
809 2929 896 2978 irritare
916 2938 942 2976 et
960 2928 1146 2978 circumvenere.
1163 2925 1215 2970 linc

114 3003 191 3050 omnir
209 3013 238 3052 ut
254 3005 377 3067 plurimum
395 3020 437 3068 per
454 3023 464 3053 r
480 3007 511 3054 ed
526 3008 705 3056 similitudinem
723 3008 834 3058 motionis
852 3008 951 3072 effingit.
986 3007 1061 3054 Mitto
1073 3005 1136 3054 enirn
1148 3004 1213 3067 quod

113 3079 192 3145 lingue
202 3083 229 3130 io
241 3083 285 3132 bec
296 3085 363 3133 litere
374 3085 548 3146 pronuntisnde
566 3086 663 3136 minime
680 3089 821 3150 immoratur,
837 3089 894 3152 quin
907 3088 986 3152 potius
998 3087 1099 3136 merisne
1110 3085 1214 3134 concite·

115 3167 157 3210 ter.
190 3163 309 3220 Quocirce
326 3165 356 3212 ed
376 3164 474 3214 istorum
493 3168 668 3228 expressionem
689 3168 762 3230 ipror
780 3170 925 3230 potissimum
946 3183 1001 3216 usus
1022 3167 1093 3216 luisse
1111 3166 1215 3214 ridetur.

117 3239 177 3290 Usus
185 3249 224 3290 cst
235 3247 260 3289 et
269 3243 288 3300 i,
299 3245 391 3292 scilicet
401 3245 460 3301 inte,
473 3246 502 3292 ed
515 3247 594 3293 tenuis
611 3261 725 3309 qumque,
737 3263 778 3309 per
795 3249 876 3296 omnis
893 3249 992 3296 menime
1010 3245 1164 3309 penetrentin.
1181 3244 1216 3292 ic·

116 3321 176 3372 circo
194 3323 270 3386 [nit]
287 3324 346 3372 iurum
357 3332 382 3372 et
392 3325 482 3380 iestlrae,
494 3324 518 3371 id
530 3325 608 3374 cstire.
620 3326 785 3388 progredique,
797 3341 838 3388 per
853 3327 860 3372 i
872 3326 984 3373 imitetur.
1008 3324 1214 3381 Quenrsdmndum

116 3416 155 3464 per
165 3403 183 3460 i,
195 3419 235 3466 ps,
245 3419 265 3466 s,
275 3420 297 3467 s,
309 3419 362 3467 quie
374 3404 447 3452 litere
459 3403 640 3452 vehementioris
651 3404 747 3468 spiritus
758 3412 822 3460 sunt,
834 3404 890 3451 tulis
902 3404 1010 3467 quedem
1021 3403 1142 3450 nominum
1158 3417 1214 3450 euc-

115 3489 150 3528 tor
158 3483 278 3546 exprimit,
289 3484 407 3548 psychron
418 3483 537 3546 trigidum,
549 3500 608 3532 seon
619 3484 721 3540 ferrens,
732 3484 825 3532 siestlrae
836 3483 942 3544 concuti,
955 3491 981 3531 et
991 3482 1146 3530 communiter
1157 3495 1215 3528 con·

117 3562 249 3610 tunsionem
265 3563 495 3627 quusrrionemque.
513 3563 669 3628 quotiensque
691 3545 816 3614 rebcinens
834 3563 957 3627 quippism
975 3570 1000 3610 et
1016 3561 1100 3625 spiritu
1118 3559 1215 3622 plenum

113 3639 196 3690 imiimi
208 3643 261 3690 vult
276 3643 397 3692 nominum
414 3643 542 3707 institutor,
554 3645 612 3694 tules
628 3653 656 3692 ut
673 3645 799 3708 plurimum
819 3645 897 3692 literne
918 3643 1024 3692 edlribet.
1056 3640 1121 3697 Quin
1141 3638 1214 3688 etiem

114 3719 187 3782 ipsius
198 3723 215 3770 d
227 3724 423 3786 cumpresrionern
434 3740 462 3773 sc
475 3734 492 3782 t,
504 3733 528 3774 et
539 3726 625 3788 lingum
637 3726 702 3776 reiut
714 3727 824 3774 berentir
834 3725 995 3775 retrsctiorrem
1015 3728 1215 3785 peropportunum

116 3803 259 3853 existimesne
270 3805 363 3854 ridetur
379 3807 408 3854 ed
421 3807 511 3855 vinculi
529 3815 555 3856 et
572 3807 678 3856 stutioms
698 3809 828 3871 potentiam
848 3805 1032 3869 exprimendum.
1066 3801 1097 3850 Et
1116 3801 1171 3864 quin
1189 3801 1216 3848 in

115 3879 183 3930 leude
195 3884 337 3946 proterendo
357 3887 457 3934 mssime
474 3888 556 3950 lingue
573 3888 710 3951 prolabitur,
721 3889 804 3937 iccirco
823 3903 863 3951 per
879 3887 924 3934 boc
937 3885 1002 3932 uolut
1017 3900 1045 3930 es
1063 3880 1216 3930 similitudine

114 3964 214 4024 quedem
227 3963 357 4014 nominarit
367 3967 408 4024 lie,
419 3967 443 4014 id
456 3975 492 4014 est
504 3967 574 4025 lenio,
586 3976 610 4016 et
620 3969 755 4016 olistlrrnnin
767 3967 824 4030 labi,
834 3973 858 4014 et
870 3965 974 4014 collodee
985 3963 1111 4026 liquidum,
1122 3961 1214 4024 lipnron

114 4041 214 4104 pingue,
225 4051 349 4105 eetereque
361 4045 504 4108 hujusmodi.
537 4047 601 4104 Quin
610 4065 665 4096 vero
676 4049 793 4096 lebentem
805 4047 907 4110 linguam
919 4061 935 4107 g
948 4049 1085 4097 remoretur,
1096 4057 1124 4088 eo
1141 4041 1214 4088 intur·

110 4119 176 4182 jecto
196 4121 305 4168 iormnrit
325 4123 441 4185 glieclrrcn
463 4127 586 4184 lubricum,
612 4129 685 4192 glpcy
705 4128 785 4190 dulce,
805 4125 896 4189 glinden
916 4123 1040 4178 viscosum,
1064 4120 1217 4182 iurulentum,

114 4201 311 4248 Animadvertens
322 4218 417 4266 quoque
426 4205 502 4267 ipsius
513 4221 530 4252 n
542 4221 624 4254 sonum
635 4207 683 4254 imo
695 4208 719 4255 in
730 4215 824 4270 gutture
835 4203 946 4260 detineri,
955 4219 984 4250 eo
992 4200 1125 4250 nominavit
1137 4201 1215 4248 endon

114 4287 138 4326 et
148 4287 226 4338 entos,
238 4281 261 4328 id
274 4289 310 4330 est
321 4283 385 4346 quod
396 4283 460 4331 intur
471 4292 507 4332 est
518 4293 543 4332 et
553 4300 606 4348 quse
624 4285 762 4334 intrinsecus
784 4293 848 4348 sunt,
861 4293 887 4332 ut
898 4300 934 4332 rer
946 4299 987 4346 per
999 4283 1077 4330 litores
1088 4295 1216 4344 repraeeen.

117 4367 182 4410 teret.
215 4361 296 4425 Ipsum
309 4379 362 4412 reru
372 4379 387 4410 s
398 4363 498 4427 megeio,
510 4365 534 4412 id
546 4375 581 4413 est
592 4380 687 4429 msgno,
699 4365 787 4421 tribuit,
799 4373 824 4413 ct
836 4365 912 4427 ipsum
929 4363 963 4411 ite
979 4361 1043 4420 mici,
1056 4361 1081 4410 id
1093 4367 1128 4408 est
1139 4357 1217 4422 lonqi-

100 4503 104 4511 Ι
116 4440 200 4504 tudini,
210 4443 320 4506 quonism
334 4459 423 4508 megnrr
432 4444 504 4492 literre
513 4452 575 4492 sunt.
592 4444 616 4492 in
628 4443 723 4492 nomine
735 4451 813 4490 eutem
826 4443 974 4506 strongylon,
986 4443 1010 4489 id
1027 4449 1063 4488 est
1077 4440 1217 4500 rotundum,

115 4519 164 4584 ipsu
175 4538 190 4571 c
201 4522 322 4589 indigens,
333 4541 348 4573 o
361 4525 520 4590 utplurimum
532 4526 632 4578 miscuit.
665 4523 804 4590 Eidemque
814 4523 903 4572 ratione
912 4532 990 4572 cetere
998 4521 1126 4572 secundum
1135 4521 1215 4570 literne
