3146 5316
300 507 358 566 rar
743 487 946 554 rrsrours
1344 487 1396 568 [ro

300 673 387 708 norem
397 655 587 719 dirulgsverent,
597 648 643 700 orei
655 652 803 698 seeusstua
814 639 972 712 potestlssinl
983 647 1046 690 sset.
1078 638 1132 699 Qut
1144 637 1209 690 celus
1224 641 1278 690 trec
1292 638 1400 702 rudiunt,

301 739 429 804 opinentur
443 737 524 784 lreruru
540 746 614 782 seruus
632 733 815 794 penerutetores
831 739 881 773 nors
902 723 998 773 credere
1015 721 1075 770 deos
1089 735 1150 770 esse.
1183 719 1297 770 Proiecto
1308 735 1401 770 soture-

301 828 364 868 tores
378 813 514 880 hujusmodi
527 820 552 862 et
571 810 680 876 perruulti
696 814 769 867 sunt3
785 812 811 855 et
826 805 897 868 longo
913 801 965 867 jsru
984 811 1090 866 ternpore
1109 815 1147 850 ete
1156 807 1287 861 recusem
1303 807 1329 850 et
1340 801 1363 848 iu
1373 815 1402 849 ee

302 907 372 948 estete
383 897 449 944 robis
460 899 591 949 senserunt,
608 891 633 940 iu
645 903 693 956 qus
708 887 816 953 plerique
826 893 928 936 vestrum
939 882 1014 948 pueri,
1026 891 1067 932 eut
1077 889 1142 930 certe
1152 879 1335 938 edoleseeertuli,
1351 895 1401 945 pes.

302 979 373 1028 leeile
383 973 524 1032 credidistis,
543 974 634 1022 deserte
645 971 670 1019 in
681 985 762 1024 muse,
782 967 875 1016 nemine
887 980 925 1014 rue
936 963 1088 1014 defendente.
1122 961 1205 1027 Atque
1215 962 1250 1020 id,
1261 963 1327 1026 quod
1339 977 1353 1010 e
1363 963 1402 1010 de·

303 1058 417 1108 lesrsionis
426 1056 517 1105 rstioue
528 1053 633 1103 orusiuru
640 1051 809 1100 elieniseiruuru
816 1055 863 1110 est,
872 1061 951 1112 neque
960 1043 1057 1094 nemim
1065 1043 1161 1109 quidese
1172 1043 1265 1092 illorern
1275 1043 1335 1092 scire
1342 1043 1405 1100 lieet,

303 1145 376 1204 esque
387 1137 506 1203 pmferrep
523 1141 676 1198 preterqserrr
692 1129 780 1195 siquis
798 1129 891 1176 lllorusu
910 1126 1031 1177 comedus
1048 1125 1087 1173 sit.
1119 1123 1282 1188 Quotcunque
1291 1139 1348 1172 sero
1365 1139 1404 1187 per

304 1219 417 1268 insidiens
428 1225 453 1268 et
464 1216 604 1266 celerenlem
616 1215 667 1263 hec
677 1212 744 1262 robis
755 1223 833 1260 rursus
844 1215 1018 1274 permensust,
1028 1207 1099 1272 quire
1109 1205 1156 1270 ipsi
1167 1205 1273 1270 pereuesi
1284 1219 1404 1269 penmse·

304 1307 360 1348 rent
369 1297 437 1359 diis,
452 1298 478 1346 lri
489 1312 569 1346 ousues
580 1294 666 1344 induiti
677 1290 775 1342 omnino
787 1297 858 1339 sunt:
877 1304 922 1338 nec
932 1303 1012 1352 eorum
1028 1303 1169 1352 quemquern
1185 1285 1211 1334 irs
1223 1284 1343 1348 judieiuru
1361 1295 1404 1334 trs·

305 1381 402 1436 ducere
417 1393 462 1428 neo
477 1378 615 1441 rederguere
632 1375 704 1444 lieet)
721 1373 763 1422 sed
780 1385 876 1420 neeesse
891 1377 936 1426 est,
953 1370 1063 1417 edrerses
1074 1367 1141 1430 istoq
1156 1373 1269 1429 teuqesus
1286 1365 1311 1414 irs
1329 1373 1407 1422 nocte,

306 1475 412 1525 pugnus
422 1457 583 1520 defendendo,
599 1463 671 1520 etque
682 1453 822 1510 relellendo,
840 1450 936 1500 neruiue
954 1449 1121 1513 respondente.
1155 1447 1294 1496 Eristiruete
1311 1454 1406 1510 ergoet

306 1555 358 1598 ros,
368 1537 567 1605 quemedrnoduru
577 1537 694 1596 diceberu,
705 1539 853 1583 accusatores
862 1547 927 1580 meos
936 1530 1045 1594 duplices
1055 1529 1159 1578 extitisse
1169 1543 1176 1578 e
1194 1527 1271 1593 etqui
1282 1543 1358 1592 nuper
1368 1543 1405 1576 ec·

307 1627 433 1680 euseruot3
447 1627 472 1668 et
486 1618 528 1684 qui
544 1617 646 1681 jesudin,
658 1614 742 1680 qoeles
758 1615 828 1662 ruodo
839 1611 1018 1660 describeberur
1034 1618 1106 1672 etque
1120 1609 1237 1674 judicete,
1256 1625 1295 1658 nse
1311 1609 1407 1674 quiden

307 1710 416 1766 oportere
427 1701 491 1764 psius
502 1697 642 1764 “spondere
653 1697 712 1759 illis,
722 1709 783 1761 quos
794 1701 820 1743 et
835 1692 881 1758 ipsi
892 1693 967 1758 prius,
981 1692 1103 1757 reultoque
1113 1691 1187 1756 nugis
1196 1690 1331 1740 endiristis.
1363 1689 1409 1738 Sed

306 1780 357 1846 iesu
368 1781 558 1846 respondendum
569 1779 627 1828 usilri
637 1787 683 1836 eet,
694 1794 709 1826 ο
721 1778 763 1826 riri
773 1775 942 1832 Atheniens,
959 1774 1016 1838 [te]
1032 1773 1081 1822 illis
1096 1771 1242 1835 criminibus,
1260 1772 1408 1820 eoneodure·

308 1863 390 1926 quein
401 1864 446 1914 hoe
457 1871 504 1912 teus
515 1862 580 1911 lrssrl
590 1869 696 1926 tenpore
707 1859 846 1924 opinionem
858 1857 926 1906 lstees
937 1856 1024 1912 delere,
1041 1869 1113 1919 quser
1123 1869 1165 1904 ros
1175 1869 1218 1918 per
1226 1853 1358 1902 eslnneiss
1367 1854 1410 1902 de⁴

309 1944 384 2006 septi,
394 1943 466 2007 limgo
478 1943 531 2008 jesu
540 1949 647 2008 uespere
658 1949 740 1991 eontrs
751 1955 789 1988 use
799 1938 951 2002 concepistis.
983 1937 1050 2001 Opto
1059 1943 1140 1985 enters
1151 1935 1185 1984 its
1195 1936 1292 1984 οωοι
1301 1937 1409 1984 eosne·

309 2021 357 2072 sios
368 2023 483 2085 metue,
492 2031 565 2088 etque
575 2024 691 2082 eburae,
701 2023 720 2070 sl
732 2021 803 2070 ruodo
815 2020 840 2068 id
852 2019 920 2068 vebis
930 2027 956 2068 et
967 2017 1026 2066 rsihi
1037 2018 1121 2068 uelles
1131 2017 1162 2066 dt
1171 2017 1285 2066 lotorum.
1318 2017 1411 2074 Qnses·

310 2116 382 2166 quere
392 2103 488 2154 difficile
499 2103 524 2152 id
535 2104 585 2153 lore
595 2105 710 2152 sebiuorr
724 2117 803 2166 seque
821 2099 959 2156 sdnudsu,
977 2098 1048 2165 qesle
1064 2099 1089 2148 id
1104 2099 1144 2156 sit,
1161 2111 1199 2146 sue
1214 2098 1281 2147 lutet.
1315 2097 1413 2155 Veron,

311 2193 339 2232 et
350 2185 406 2234 Deo
417 2184 504 2247 plseet.
516 2185 550 2232 ite
559 2185 680 2233 suceedst.
697 2197 741 2231 uos
751 2187 830 2231 eutero
842 2180 888 2245 lsgl
899 2195 981 2244 perere
991 2187 1094 2244 eportet,
1105 2195 1133 2229 ec
1144 2177 1306 2230 delusio-ern
1314 2193 1358 2242 pro
1369 2193 1411 2226 ee·

311 2263 348 2312 bis
358 2264 449 2314 eli'erre.
482 2263 629 2328 Βομοιοοο
639 2263 711 2328 igitur
722 2265 752 2311 eb
763 2263 842 2318 initio,
853 2277 907 2326 que
917 2262 947 2310 sit
955 2261 1084 2319 οοοοοοιὶο,
1095 2275 1123 2310 se
1134 2275 1183 2326 qus
1191 2259 1304 2308 sdserrm
1311 2273 1350 2308 ne
1358 2267 1412 2308 usu

312 2343 539 2406 estilleeslunruie‚
550 2359 598 2408 que
607 2343 709 2393 confisus
722 2343 822 2393 Melitus
833 2342 964 2391 milrldiesu
977 2341 1046 2393 dixit.
1079 2341 1144 2398 Quid
1161 2355 1216 2405 ergo
1232 2341 1301 2390 siser
1316 2355 1413 2390 ecesse·

313 2429 375 2470 tores
386 2423 445 2472 rusi?
463 2431 575 2489 tenqueus
586 2425 650 2473 enisu
662 2425 681 2472 si
691 2423 717 2472 ln
732 2423 826 2488 judicio
841 2423 961 2480 edessem,
977 2437 1058 2472 eorum
1068 2419 1179 2472 resiteter
1187 2421 1317 2478 montio,
1332 2422 1357 2469 in
1367 2433 1414 2486 que

313 2509 396 2552 eostre
407 2519 445 2552 use
453 2503 546 2568 jurent,
557 2520 612 2570 que
623 2514 649 2554 et
659 2504 762 2556 sieissisu
771 2518 787 2553 e
797 2519 835 2554 ese
845 2503 921 2568 esiglt
935 2502 1103 2567 jereresstssu.
1135 2501 1247 2552 &creta
1255 2501 1347 2563 iniuste
1356 2502 1417 2564 qil,

313 2584 924 2651 &remandarent-quintanensium
936 2583 1057 2649 eoquens
1074 2585 1132 2634 colo
1147 2587 1214 2644 esst,
1233 2583 1417 2646 isjnim

313 2665 430 2718 reum
440 2668 520 2718 reddit
531 2667 685 2732 seperisress·
719 2669 842 2718 Pretereo
852 2666 914 2717 elios
923 2667 1005 2716 surim
1014 2667 1089 2716 deest.
1121 2664 1187 2712 Telis
1197 2663 1281 2727 utique
1295 2670 1335 2712 est
1348 2677 1416 2711 ercu-

314 2745 383 2796 setin.
416 2746 511 2812 Nempe
530 2747 587 2796 telle
602 2749 712 2811 qesrdsrs
727 2755 754 2796 et
766 2761 808 2795 ros
825 2745 918 2796 uidistis
936 2745 961 2794 in
981 2743 1146 2808 Aristoplsseis
1165 2743 1298 2794 eoruudisr
1315 2743 1416 2792 flueretis

315 2825 439 2880 sstmittte
457 2840 559 2890 persone
574 2827 743 2883 drmlutur,
760 2825 886 2881 sflrrosns,
904 2841 929 2874 se
946 2841 988 2890 per
1002 2839 1079 2874 serere
1097 2824 1232 2888 perngeri:
1249 2831 1275 2873 st
1285 2824 1417 2888 conplures

316 2902 433 2966 ejuuodi
444 2921 527 2968 sepes.
561 2906 667 2963 Querens
679 2921 724 2969 ego
735 2919 810 2953 recuro
822 2917 899 2968 ueqes
910 2906 1019 2968 usellen,
1031 2919 1108 2970 osque
1126 2917 1208 2968 perere
1218 2903 1349 2968 qeldqnetn
1361 2905 1419 2954 sele»

315 2981 403 3048 Neque
410 2993 533 3048 propterte
544 2986 596 3035 hee
607 2984 745 3049 dico,qnod
755 2986 836 3034 lueruer
845 2999 921 3033 rereru
930 2985 1052 3034 stlerstlsur
1063 2979 1129 3050 pers'l
1137 2985 1231 3044 ledeos,
1242 2984 1263 3032 si
1273 2985 1328 3049 quis
1339 2986 1416 3034 iste·

313 3061 420 3126 iunodl
429 3065 499 3116 retu
510 3066 540 3114 sit
549 3066 663 3130 sepiess;
678 3067 739 3115 sbsit
750 3073 778 3114 et
787 3065 847 3114 teeti
858 3065 961 3114 erituieis
972 3081 1025 3115 reus
1038 3081 1053 3114 e
1064 3065 1150 3116 Melite
1160 3077 1266 3122 messer,
1282 3073 1311 3114 ut
1321 3081 1371 3131 pre
1387 3067 1418 3116 u·

316 3146 451 3196 aurelino
468 3161 568 3213 negent
587 3148 630 3197 sed
646 3146 704 3212 quie
719 3159 808 3204 meru,
827 3145 896 3195 oriri
915 3147 1183 3204 Musulamiorum
1196 3145 1255 3196 nteit
1271 3147 1331 3196 seio·
1347 3155 1421 3196 testes

316 3231 396 3274 estere
414 3226 486 3292 hujus
503 3229 629 3295 plerusque
640 3237 744 3278 meurs
763 3229 867 3278 eddueo.
900 3227 950 3276 Oro
965 3227 1087 3277 nobiseum
1105 3227 1152 3292 lpsl
1169 3227 1298 3292 repensedo
1313 3227 1419 3276 testere

317 3307 416 3370 spetile,
427 3317 546 3375 quetqerst
554 3325 592 3358 uss
602 3310 778 3375 celioqeeem
788 3309 917 3374 eliquesde
927 3309 1064 3358 eudlristlsr
1082 3307 1204 3356 eudlrlstis
1212 3314 1289 3356 seu
1304 3307 1418 3372 plerique

318 3397 428 3440 restrum
461 3389 594 3442 Reeeusete
613 3391 685 3456 igiter
706 3391 816 3449 iorioesu,
836 3405 893 3440 nuru
911 3389 966 3455 quis
984 3399 1086 3439 vestrm
1105 3387 1234 3456 eliqueudo
1250 3388 1279 3436 t'e
1294 3388 1327 3438 de
1347 3390 1420 3438 rebes

318 3469 459 3533 quidquem,
469 3471 518 3520 slre
529 3471 637 3530 usoltusu,
648 3472 697 3522 sise
710 3487 791 3537 persus
801 3471 918 3521 redirent
933 3470 1112 3536 dispeteoterer
1129 3478 1202 3535 etque
1217 3483 1246 3518 er
1257 3469 1304 3518 lsoe
1313 3469 1420 3534 dmlqse

319 3549 476 3610 coguoseetis,
492 3549 609 3614 ejosurodi
620 3567 671 3602 esse
680 3561 767 3610 cetere,
777 3567 831 3617 qest
840 3551 908 3602 tuultl
918 3552 950 3602 de
960 3565 997 3600 rue
1008 3551 1182 3601 eim-tems.
1215 3549 1250 3598 At
1260 3549 1324 3600 euin
1336 3547 1419 3600 lium

318 3625 380 3676 ullr'd
399 3636 436 3676 est
449 3645 537 3680 reresu.
571 3631 636 3689 unte
654 3633 725 3682 etiere
741 3649 757 3683 e
773 3633 886 3699 quopiens
901 3633 1046 3692 suotsertus,
1063 3647 1101 3682 ere
1116 3629 1223 3682 homiues
1234 3632 1333 3698 cloden,
1347 3616 1420 3696 etque

319 3706 378 3756 iude
389 3708 640 3773 pecuuissessuulsre‚
657 3729 735 3777 neque
751 3713 775 3762 id
792 3713 888 3778 quidem
900 3727 979 3762 rersru
994 3721 1041 3764 est.
1074 3711 1149 3778 Atqui
1166 3711 1304 3778 preelerusn
1319 3713 1344 3761 ld
1364 3712 1421 3761 nsllsl

321 3787 424 3847 videtur,
435 3788 456 3838 si
466 3788 520 3853 quis
529 3791 615 3840 docere
626 3793 733 3842 lroruiues
744 3786 828 3857 possit,
840 3793 1038 3858 qeernsdruodurs
1050 3793 1151 3858 Gorpise
1164 3793 1306 3852 heudone,
1323 3801 1349 3844 et
1364 3795 1420 3843 Pro·

320 3869 389 3920 diuus
400 3869 486 3930 Clrles,
504 3879 529 3920 et
540 3871 642 3937 llippies
653 3872 735 3925 Eleus.
753 3875 834 3924 horem
846 3889 948 3940 neuque
956 3873 1044 3938 singull
1054 3889 1107 3923 esre
1117 3874 1253 3924 ierelteteru
1263 3875 1363 3938 neten,
1380 3879 1422 3940 pel

319 3967 392 4016 quere
401 3953 433 4004 sd
444 3953 548 4017 singulus
558 3953 660 4020 proiecti
669 3955 789 4014 ciritetes,
797 3955 995 4016 redemtione,
1011 3957 1098 4021 quibos
1108 3957 1190 4006 liceret
1198 3954 1223 4003 ln
1239 3956 1316 4019 petris
1326 3968 1420 4006 euorurs

319 4046 347 4082 se
356 4032 445 4084 ririeru
455 4033 588 4099 discipline
598 4036 701 4100 vetulis
712 4037 885 4096 mon-tere,
896 4037 1048 4102 pessudsot,
1065 4043 1094 4084 et
1108 4036 1173 4102 ipsos
1185 4035 1283 4084 eliorum
1293 4036 1421 4101 discipline

319 4113 402 4164 relicte
418 4121 547 4181 enemim,
563 4117 624 4182 [dd]
639 4133 669 4168 sc
679 4119 736 4167 dete
752 4119 861 4183 pennis,
878 4119 977 4182 pretleur
992 4118 1089 4182 'esseper
1105 4119 1217 4166 hoaut.
1249 4116 1294 4165 nse
1311 4125 1338 4166 et
1359 4117 1421 4166 ellus

320 4194 416 4256 quidese
426 4197 507 4248 rirhie
519 4199 625 4262 sepiens,
637 4215 707 4264 quero
718 4213 763 4264 spo
774 4201 821 4248 huc
832 4199 957 4248 edseubse
965 4213 1016 4248 seer
1027 4199 1156 4250 ednodusr
1165 4198 1306 4248 delerem
1319 4199 1425 4262 contigit

321 4287 389 4333 stne,
400 4285 427 4325 et
437 4275 540 4341 eliquees
552 4280 706 4339 offenderem,
717 4280 758 4345 qui
770 4279 824 4346 ples
836 4279 988 4344 pecunlerute
998 4277 1116 4342 Soplrlrtis
1126 4280 1292 4342 pepssdeer,
1300 4289 1376 4343 quere
1385 4293 1426 4327 es·

321 4354 368 4402 lori
378 4371 468 4414 sues,
478 4357 591 4425 Gell'um,
601 4361 734 4427 Hippoeioi
750 4361 835 4414 dliues.
868 4361 941 4411 liene
954 4373 1012 4426 ergo
1030 4358 1181 4424 interrupi.
1194 4358 1272 4424 (deos
1279 4359 1344 4407 ente
1355 4359 1427 4407 teser

322 4432 407 4499 urse)
421 4435 543 4497 Oculis.
554 4441 660 4506 tuque,
678 4443 755 4492 esre
763 4443 797 4492 sur
808 4442 869 4506 paru
883 4443 966 4507 «μοι
984 4449 1027 4492 sur
1038 4440 1222 4510 usn-resen,
1232 4440 1374 4490 me·
1384 4439 1429 4488 ιο

321 4531 404 4580 quen,
414 4531 484 4581 quere
493 4519 541 4570 iilis
550 4523 659 4572 rueresde
669 4523 775 4572 edulblte
786 4524 967 4587 pretirerseses,
986 4523 1029 4588 qui
1046 4537 1087 4573 eos
1098 4521 1218 4587 potuim,
1225 4527 1253 4570 et
1261 4519 1294 4569 sd
1307 4518 1428 4584 preprlen
