3138 5300
170 541 248 620 ers]
574 533 869 600 nunnrnnnus.
1215 545 1271 604 our

168 696 307 748 d'uuelsatis.
339 692 433 744 Annuit
444 692 593 744 adulescens.
624 693 661 742 Es
673 695 717 744 hoc
728 693 844 758 sequitur,
857 701 884 742 ut
895 693 1029 756 ignorantes
1040 693 1143 752 demut,
1154 691 1268 759 oclinia,

167 793 219 828 m
235 777 402 840 septuennes
420 774 472 839 ipse
488 773 598 838 putabas·
615 773 694 824 'Cum
710 774 762 824 nee
778 773 820 822 ille
837 773 944 831 disiaset,
960 782 1072 838 tanquam
1083 775 1168 822 clrorus
1179 775 1269 838 signifi·

168 863 240 906 cantu
257 855 377 919 magistro,
393 868 485 902 sumtuo
506 853 624 917 applausu
647 853 826 904 concinnarunt
846 854 992 918 riseruntquc
1013 853 1051 902 illi
1072 853 1219 918 Euthgdcmi
1243 865 1269 904 et

170 936 337 1001 Dionysodori
346 941 482 984 mutones.
515 931 553 982 Ac
564 931 627 995 prius
637 945 708 996 quarn
719 932 842 996 respiraret
852 949 919 997 puer,
932 935 992 984 bene
1001 941 1074 998 atqua
1084 933 1194 997 prmclure
1205 933 1269 984 esci·

169 1017 237 1080 piens
252 1031 381 1066 sermonem
400 1013 582 1079 Dionysodorus
600 1012 653 1060 sits
670 1012 735 1069 Quid
753 1027 858 1076 porro‚o
875 1014 970 1062 Clinisi
987 1014 1083 1078 qnuudo
1095 1014 1176 1078 aliquo
1186 1014 1269 1066 recitat

61 1125 67 1134 ·
169 1096 342 1162 grammaticus,
350 1094 448 1160 quinam
460 1093 526 1158 pueri
536 1092 576 1140 illa
588 1091 743 1155 perdiscunt?
759 1093 957 1156 sapienteme,an
966 1095 1117 1158 ignorantes?
1134 1095 1268 1159 Sapientes,

168 1177 247 1242 inquit
262 1175 360 1227 Cliniae.
396 1175 459 1238 Ergo
474 1173 594 1236 sapientes
610 1173 715 1231 discunt,
727 1189 775 1222 non
791 1174 935 1237 ignorantes.
951 1191 1023 1238 qnare
1041 1191 1089 1224 non
1102 1184 1165 1226 recte
1176 1175 1269 1240 Euthp.

168 1258 239 1308 demo
250 1257 323 1322 paulo
334 1263 390 1304 ante
401 1253 553 1318 respondisti.
586 1252 633 1304 llic
644 1252 715 1302 altius
725 1253 886 1303 exclamarunt
895 1254 1040 1319 riseruntquo
1052 1256 1142 1304 illorum
1154 1257 1268 1320 astipula-

169 1345 241 1392 tores.
256 1335 404 1401 Euthydami
415 1334 627 1399 Dionysodorique
643 1334 783 1397 sapientiam
794 1335 912 1384 admirati.
945 1333 997 1384 Noa
1011 1343 1090 1384 antem
1101 1337 1166 1398 qnasi
1178 1337 1268 1401 stupidi

168 1417 335 1470 conticuimus.
368 1417 429 1466 Cum
440 1431 496 1479 ergo
507 1430 551 1464 nus
562 1413 728 1480 Euthydemus
739 1415 770 1464 ad
782 1417 833 1465 lrtoc
843 1415 951 1479 stupidos
963 1416 1068 1466 redditos
1079 1431 1129 1466 ease
1140 1432 1267 1480 cognosco,-

167 1507 213 1554 ret.
225 1497 286 1546 utin
298 1496 408 1561 majorem
418 1511 515 1561 quoque
525 1495 560 1544 arui
569 1495 748 1544 admirationem
760 1498 870 1557 araturos,
882 1497 987 1544 nondum
997 1496 1087 1546 dimisit
1103 1511 1210 1560 puerum,
1225 1497 1267 1549 sed

167 1577 267 1626 ulterius
285 1593 340 1626 euru
356 1575 516 1640 homnogarit,
535 1584 607 1640 atque
624 1575 717 1626 illorum
736 1591 800 1626 mure
817 1577 859 1640 qul
878 1577 904 1624 in
920 1578 993 1626 choro
1011 1586 1068 1626 sunt
1084 1579 1115 1626 sd
1135 1578 1268 1626 aaltsudurn

168 1657 346 1721 pmmptissimi.
357 1657 477 1722 duplicem
489 1656 551 1706 circa
563 1673 610 1706 rens
621 1657 721 1706 eandem
731 1657 887 1720 questionem
899 1657 993 1706 invertit
1003 1658 1103 1708 dicens:
1121 1657 1207 1708 Utrum
1218 1659 1268 1708 dis-

166 1745 251 1786 ceutes
267 1753 321 1802 quas
338 1738 426 1794 sciunt.
437 1736 542 1794 discunt.
560 1752 590 1784 sn
606 1753 660 1801 qun
674 1737 801 1788 nesciunt?
834 1738 903 1788 Tunc
920 1738 1103 1804 Dionysodorus
1113 1739 1198 1788 iterum
1211 1740 1268 1796 milri

167 1833 290 1866 aerumans
299 1819 329 1866 ad
341 1833 418 1874 aures,
428 1817 497 1874 Tale,
508 1817 595 1880 iuquit.
606 1833 621 1866 o
632 1817 750 1876 Socrates,
760 1817 797 1866 esl
807 1826 832 1866 et
842 1820 897 1875 hoc,
917 1820 987 1882 quale
1004 1821 1068 1882 quod
1079 1835 1150 1884 supra
1160 1821 1269 1872 iuitilla·

167 1905 228 1946 tum.
261 1898 325 1948 Proh
336 1898 458 1962 Juppiter,
468 1897 576 1964 iuquam,
586 1913 657 1962 quarn
669 1897 796 1962 proclam:
814 1899 887 1946 etism
901 1900 1007 1962 superior
1017 1900 1085 1948 nobis
1096 1899 1145 1948 risa
1155 1909 1193 1950 eat
1201 1917 1268 1967 quas·

167 1978 224 2028 stin.
257 1977 296 2028 lta
313 1993 415 2043 semper,
430 1979 473 2040 ait,
493 1977 641 2028 inevitabiles
662 1979 807 2042 questiones
825 1979 987 2042 proponimus.
1019 1978 1129 2042 ldeuque
1145 1981 1267 2038 uidemini.

167 2059 277 2123 iuquam,
295 2059 361 2124 apud
378 2059 510 2121 discipulos
529 2066 617 2126 reatros
630 2059 796 2110 auctoritatem
815 2060 900 2110 lrabere
918 2075 966 2110 non
986 2060 1136 2108 mediocrem.
1171 2060 1267 2110 iuterim

167 2138 423 2204 Ch'alsaEutlrydrrao
434 2138 565 2202 respondit.
576 2153 618 2186 eus
633 2139 675 2202 qui
693 2139 799 2196 discunt,
809 2155 864 2203 qun
882 2140 992 2204 ignorent
1011 2139 1151 2202 perdiscere.
1183 2139 1267 2188 Statim

166 2218 283 2275 itteeun.
294 2220 491 2283 quemadmodum
509 2227 535 2268 et
550 2227 616 2274 ante.
627 2219 790 2282 interrogarit.
806 2221 879 2284 [271]
898 2217 981 2268 Scisne
1000 2221 1052 2283 ipse
1072 2218 1170 2268 literas?
1202 2221 1267 2270 Scio.

166 2298 259 2348 Nonne
268 2300 366 2349 omnes?
401 2298 534 2348 Etomnee.
569 2299 674 2356 Quando
685 2299 772 2364 aliquia
783 2300 875 2356 recitat,
887 2315 966 2349 nonne
978 2301 1056 2350 literas
1066 2301 1167 2351 recitet?
1202 2301 1266 2352 Corr-

167 2378 249 2430 caaslt.
281 2379 345 2444 Ergo
355 2379 397 2428 illa
407 2395 461 2443 quaa
472 2380 519 2428 scis
527 2379 624 2428 recitat:
642 2379 837 2444 quandoquidem
853 2380 905 2444 ipse
916 2396 998 2430 omnes
1006 2380 1052 2430 scis
1063 2381 1149 2430 literas.
1168 2380 1269 2430 ..ldnri-

166 2459 316 2510 sitetiatnd.
349 2458 439 2508 Nonne
449 2459 522 2508 discis
532 2475 585 2522 quur
596 2458 650 2522 quis
666 2461 788 2508 recenset?
822 2461 940 2510 Ascensus
950 2469 995 2510 est.
1031 2461 1138 2510 Anveru
1157 2460 1267 2524 ignorans

166 2539 348 2590 litemdiacia?
382 2539 493 2590 Minime.
510 2539 582 2588 imsnu
600 2539 677 2588 sciens
694 2539 771 2588 disco.
803 2539 892 2590 Nonne
911 2541 1051 2604 igiturquia
1069 2543 1267 2603 reindueretur

165 2621 266 2685 quidem
277 2634 359 2668 onmes
378 2619 424 2668 scis
441 2618 527 2668 literas.
559 2618 663 2668 Annuit.
697 2618 753 2668 Non
771 2628 834 2676 recte
849 2621 931 2686 itaque
950 2622 1100 2685 respondisti.
1134 2621 1267 2676 l'isautem

165 2701 261 2752 dixerut
271 2702 323 2750 hnc
334 2699 509 2766 Euthydemus,
520 2715 574 2748 cum
593 2699 778 2764 Dionysodorus
796 2711 908 2765 tanquam
925 2703 1041 2766 spheram
1057 2718 1186 2752 sermonem
1200 2719 1269 2754 assu.-

166 2797 244 2838 rtsuua,
255 2781 367 2830 adrassus
384 2780 586 2830 adolescentulum
605 2781 657 2832 lunc
676 2781 765 2832 intulit.
801 2781 899 2847 Decipit
916 2791 939 2832 te
959 2783 1135 2848 Euthydemus,
1149 2799 1164 2832 o
1179 2783 1267 2834 Clinia.

166 2862 216 2912 Dic
227 2861 301 2910 milri:
319 2861 360 2910 An
371 2877 419 2910 nors
430 2861 520 2910 discere
531 2869 568 2910 est
578 2861 701 2912 scientiam
711 2861 776 2912 illius
786 2863 905 2926 sccipere.
917 2863 982 2928 quod
993 2864 1047 2928 quia
1057 2845 1145 2914 discil?
1179 2863 1267 2914 Aderi-

166 2943 200 2992 ait
212 2942 312 2993 citata·
346 2942 411 2991 Scire
428 2950 506 2990 autern
518 2943 624 3006 nunquid
636 2942 700 2990 aliud
717 2952 762 2999 eet.
779 2957 850 3008 quam
867 2943 990 2993 scientiam
1010 2944 1084 3008 ipsam
1100 2944 1150 3009 jarn
1162 2945 1266 2996 habene?

167 3022 301 3074 &ream
333 3021 431 3070 Nescire
442 3020 560 3086 igiturest
570 3023 677 3072 nondum
696 3024 782 3074 lrslrere
798 3023 938 3074 scientiam?
974 3023 1051 3074 Dedit
1068 3033 1093 3074 et
1109 3025 1180 3074 istud.
1213 3025 1267 3075 Utri

166 3119 216 3154 ram
234 3103 337 3167 aliquam
353 3101 469 3167 capiunt?
485 3103 527 3166 qui
545 3103 735 3169 hubent‚auqni
754 3121 803 3152 nen
820 3106 929 3154 bahem?
963 3105 1013 3163 Qut
1032 3122 1081 3156 non
1095 3106 1193 3156 lrabent.
1226 3107 1267 3156 An

166 3199 217 3234 non
233 3183 355 3234 confusus
370 3199 405 3240 ea,
416 3183 549 3232 nescientes
567 3185 674 3232 homines
689 3201 718 3232 es
733 3184 826 3234 illorum
844 3200 940 3234 numero
962 3199 1022 3242 esse,
1034 3187 1075 3250 qul
1093 3201 1142 3234 nun
1161 3187 1267 3236 habenti

166 3264 271 3316 mouit.
303 3263 432 3314 Discentea
442 3263 516 3325 igitur
531 3279 560 3312 cs
578 3263 670 3312 illorum
682 3279 779 3314 uumem
790 3273 854 3320 sunt.
866 3266 907 3328 qui
918 3265 1025 3328 capiunt,
1035 3281 1083 3312 non
1094 3281 1123 3314 es
1134 3281 1214 3315 eorum
1225 3267 1267 3330 qul

166 3345 265 3396 habeat.
298 3344 419 3392 Proderit.
454 3343 516 3406 Ergo
534 3343 576 3408 qui
594 3342 738 3400 nesciunt‚o
757 3344 845 3401 Clinia,
855 3345 962 3399 discunt,
972 3358 1019 3392 nou
1039 3344 1081 3406 qui
1091 3344 1177 3392 sciunt.
1209 3343 1269 3396 Post

167 3426 220 3476 lanc
228 3441 283 3474 reru
293 3425 363 3474 tertio
371 3425 423 3489 jam
437 3423 566 3474 certsruine
577 3439 716 3487 oppugnare
726 3423 894 3488 Euthydemus
903 3423 1106 3472 adolescentulum
1117 3424 1267 3488 properabat.
1338 3463 1341 3468 ,

167 3505 221 3568 Ego
231 3514 310 3554 autem
321 3505 513 3554 succumbentem
532 3504 663 3561 rnisarstus,
674 3512 702 3553 ut
717 3519 770 3554 euru
788 3502 884 3566 paulum
901 3518 1037 3566 recrearem,
1049 3518 1079 3552 ne
1099 3504 1159 3552 lorte
1170 3504 1266 3554 nimium

166 3595 341 3649 commueret,
352 3586 416 3636 huno
428 3585 452 3634 in
463 3585 559 3634 modurn
570 3584 687 3636 conscisci
697 3584 773 3650 crepis
791 3583 831 3634 No
842 3583 964 3642 uirorum
983 3583 1071 3641 Clinia,
1088 3585 1108 3632 si
1128 3585 1214 3634 insueti
1226 3587 1268 3634 tibi

167 3681 286 3716 mutones
298 3667 337 3716 lati
347 3667 474 3716 ridentur:
491 3667 550 3716 iurte
562 3681 664 3730 namque
675 3681 724 3714 uon
736 3665 847 3729 percipis.
858 3665 914 3728 quid
926 3679 982 3728 ergo
999 3673 1023 3712 te
1039 3665 1144 3728 hospites
1161 3665 1199 3712 isti
1211 3666 1268 3718 leci·

167 3753 218 3808 sat.
251 3746 320 3796 Idem
333 3746 439 3809 prolecto
447 3745 618 3810 iaciunt,quod
630 3746 734 3794 lucentes
744 3746 877 3804 sacerdotes
885 3745 928 3802 illi,
936 3745 978 3809 qui
985 3745 1134 3810 Corybantes
1145 3754 1267 3804 vocantur,

166 3823 194 3876 irs
206 3828 322 3891 mysteriis
332 3836 416 3890 quart,
429 3827 527 3890 quando
538 3827 563 3876 in
582 3827 643 3874 sollo
654 3826 774 3876 collocant
783 3827 851 3876 illum
862 3841 933 3889 quem
944 3826 1016 3876 sacris
1027 3825 1140 3874 initisnni
1151 3834 1215 3884 sunt,
1227 3841 1267 3874 ra·

167 3907 257 3972 ullaque
265 3907 329 3969 jocis
338 3907 491 3971 applaudunt
498 3917 524 3956 et
533 3908 631 3956 choreas
641 3909 740 3960 ducunt.
774 3906 910 3971 Intelligere
920 3908 971 3958 hac
982 3916 1006 3954 te
1014 3906 1120 3968 arbitror,
1130 3907 1151 3954 si
1162 3907 1232 3956 niodo
1243 3917 1268 3956 et

166 3988 221 4052 ipse
233 3985 385 4035 urinatores.
419 3987 516 4036 Ludunt
527 3988 632 4038 similiter
640 3987 681 4036 isti
692 4001 766 4044 nunc,
777 3995 802 4036 et
812 3989 873 4038 circa
885 3996 909 4036 te
918 3988 1017 4036 choreas
1026 3987 1117 4036 ducunt
1127 4002 1156 4036 ac
1171 3987 1267 4046 saltant,

167 4065 239 4132 qnasi
256 4079 320 4117 nuuc
335 4067 459 4129 expiantes
475 4074 499 4116 te
518 4076 544 4116 et
561 4077 645 4132 postea
656 4070 727 4120 samis
744 4069 868 4119 initiaturi.
902 4067 988 4132 Inque
998 4065 1268 4132 inpresentiaeaistinrs

168 4145 257 4214 primas
266 4145 381 4208 quasdam
391 4161 507 4196 umorum
514 4149 695 4212 sophisticomrn
704 4151 844 4200 cerimonias
851 4149 972 4200 celebrari.
989 4163 1043 4196 usur
1054 4148 1154 4212 primum
1162 4147 1268 4213 quidem,

168 4236 198 4278 ut
204 4225 276 4290 jubet
286 4225 411 4282 Prodicus,
423 4227 528 4293 proprias
537 4229 659 4276 uumiuurn
671 4228 857 4292 significationes
869 4236 964 4291 oportet
973 4228 1096 4292 accipere:
1114 4227 1179 4290 quod
1189 4236 1214 4276 et
1224 4228 1267 4278 tihi

167 4306 276 4371 hospites
286 4306 328 4356 isti
342 4307 498 4359 ostendemus
513 4308 577 4358 circs
586 4309 610 4356 id
622 4309 687 4370 quod
699 4309 788 4358 discere
798 4309 941 4360 nominatur.
960 4308 1028 4374 cujus
1045 4307 1210 4374 prqprietatern
1225 4310 1268 4358 mi-

168 4387 235 4441 ulme
245 4387 316 4436 nosti.
333 4395 431 4439 usunnn
442 4389 506 4440 eninr
517 4389 587 4438 uerbo
599 4389 644 4438 hoc
655 4389 763 4438 moines
774 4390 805 4437 sd
816 4405 870 4438 euru
881 4397 962 4442 aetum
971 4389 1160 4452 significandum,
1170 4391 1267 4454 quando

169 4469 257 4534 aliquis
268 4469 299 4518 ab
309 4469 377 4522 lollio
388 4470 421 4520 rei
432 4469 533 4532 alicujus
551 4469 673 4520 scientiam
692 4469 780 4518 nuliam
797 4471 885 4520 habeus
895 4471 983 4519 deinde
994 4467 1056 4518 illius
1072 4468 1195 4526 scientium
1205 4471 1267 4518 acci·

169 4549 219 4615 piu
231 4549 304 4613 [2⁷0]
322 4559 420 4602 utuntur
429 4552 486 4616 quin
495 4551 569 4603 etiam
582 4553 652 4604 serbo
670 4551 755 4602 eodem
775 4551 805 4600 ad
823 4550 1048 4600 animadversionem
1060 4549 1122 4616 illius
1133 4549 1268 4614 significare,
