3138 5300
502 379 512 414 i

127 537 205 615 cru]
467 529 668 592 pennotus
689 527 900 593 sotnrs'rn.
1169 539 1225 598 341

125 691 184 738 dum
196 702 285 746 uenum,
295 687 445 751 rationesque
454 685 620 751 pulcherrim
626 685 770 735 efferentem.
790 683 843 734 iio.
858 685 884 734 Si
893 684 963 734 isoiie
970 684 1054 748 quiret
1063 694 1120 750 epte
1131 701 1229 753 rerpurr·

125 771 193 833 dent,
205 767 298 818 tneiiius
309 770 345 817 est
355 781 409 816 euru
418 767 465 816 utto
476 767 641 830 interrogundo
651 763 779 816 disserere:
798 767 834 822 sin
846 773 936 822 nontrs,
949 781 990 829 per
1008 767 1111 830 seipsum
1126 769 1230 834 quisque

124 849 222 899 inoiiitrs
232 849 346 912 drrputnt.
379 847 421 895 So.
439 845 507 894 Licet
519 845 601 908 igitur,
609 857 774 909 quemcunque
786 846 829 907 ris,
839 859 867 894 en
883 845 934 892 istis
951 845 1047 910 eligere.
1064 861 1146 895 onrnus
1161 849 1226 896 enirn

125 929 282 979 libentissime
291 929 457 992 obsequentur.
489 923 542 988 Ego
553 937 609 972 reru
621 924 664 971 tibi
676 925 782 982 consuto,
795 931 821 972 ut
829 925 943 988 juvenem
952 927 1086 990 quempian
1096 926 1178 992 eliges,
1189 929 1227 976 vet

125 1011 193 1058 huuc
204 1009 363 1070 i'heestetnm,
375 1006 412 1054 ret
424 1005 506 1062 elium,
516 1001 654 1068 quicunque
665 1002 709 1050 tibi
721 1002 798 1066 optior
808 1003 925 1052 videntur.
959 1004 1009 1054 Ho.
1026 1005 1108 1054 Pudor
1122 1007 1228 1070 quidem,

126 1103 141 1138 o
153 1089 273 1146 Socrates.
285 1105 322 1137 rue
331 1096 356 1136 et
367 1085 509 1136 vaecordi·
520 1084 623 1146 detinet,
632 1097 688 1132 cunr
698 1095 763 1132 nuno
779 1083 879 1147 primurn
891 1083 1012 1133 vobiscum
1027 1085 1120 1149 loquer,
1129 1101 1178 1134 non
1189 1088 1227 1135 ri·

122 1171 205 1219 oiusirn
216 1171 310 1218 verbum
321 1169 393 1217 mbo
403 1167 509 1223 reddere,
520 1165 562 1214 sed
572 1164 688 1229 prolixum
700 1175 830 1213 sermonen
841 1157 972 1230 innuptum,
983 1164 1033 1214 sire
1044 1165 1108 1214 solun
1118 1165 1168 1231 ipse
1183 1181 1227 1231 per

124 1266 174 1308 ure,
186 1251 238 1300 site
249 1263 303 1300 euru
315 1247 362 1298 sliu
374 1248 542 1312 respondente,
550 1245 758 1295 demonstrationis
767 1245 840 1308 gretie
851 1243 979 1310 disputem.
997 1245 1070 1302 Quod
1080 1246 1143 1294 ern‘ur
1154 1245 1227 1294 unedo

124 1327 253 1396 quesitum
270 1336 315 1388 est,
330 1341 401 1378 neruo
418 1327 500 1376 ieviter
516 1326 627 1391 erpttesri
644 1339 713 1390 posse
730 1325 844 1376 confidet.
860 1326 931 1390 louge
948 1339 1050 1390 nemque
1065 1325 1226 1389 disputetinne

124 1411 229 1474 indiget.
263 1410 427 1466 contrivero,
438 1407 458 1456 si
475 1405 519 1456 tihi
538 1415 563 1455 et
580 1406 641 1462 istis,
653 1405 782 1470 presertim
800 1420 854 1455 outn
865 1413 913 1454 tnsu
925 1406 1030 1455 rnodeste
1042 1405 1167 1468 regereris,
1178 1421 1227 1455 uon

124 1493 300 1555 obtemperem,
316 1493 409 1554 ngrette
418 1488 531 1552 quiddnnr
542 1495 567 1536 et
578 1487 608 1536 sb
618 1487 718 1551 hospitis
728 1486 908 1536 mausuetudine
920 1485 1025 1536 stienurn
1034 1487 1091 1534 nihi
1102 1486 1152 1534 tore
1160 1485 1227 1535 ride-

122 1579 178 1620 tur:
197 1569 288 1634 quippe
298 1585 352 1618 cour
364 1568 531 1633 disputetiouis
541 1567 651 1617 comiteur
662 1567 810 1616 meseum
828 1567 903 1632 [218]
920 1567 984 1616 hunc
994 1583 1024 1616 cn
1035 1565 1071 1616 itis
1081 1581 1135 1632 qun
1145 1575 1171 1615 et
1181 1581 1227 1630 ego

121 1651 237 1699 dicebam
254 1655 320 1697 etto
338 1650 408 1697 ruodo
420 1648 522 1712 jussisti,
533 1649 575 1697 siut
592 1649 721 1698 habiturus.
756 1647 823 1698 Trrn.
840 1649 879 1697 Ite
897 1655 970 1711 uerte,
981 1650 1101 1712 ohospes,
1112 1649 1227 1712 qnernnd·

121 1731 224 1778 modurn
243 1713 326 1793 iuquit'
338 1729 456 1793 Socrstes,
467 1730 559 1778 cunetis
578 1729 752 1793 gntidocbcriu.
786 1728 836 1778 Ho.
853 1727 921 1777 Nihil
937 1728 1108 1777 sdrenushec
1121 1727 1226 1787 ulterius,

120 1809 258 1866 i'hereteto,
269 1809 406 1858 dicendum.
424 1815 500 1858 tecuru
512 1809 626 1874 deinceps
644 1811 763 1873 egendum
781 1807 847 1858 mihi.
865 1809 929 1872 quod
947 1809 967 1856 si
977 1808 1037 1856 iorte
1047 1807 1224 1872 sermonispro·

74 1903 79 1910 ·
122 1889 206 1938 linitus
226 1887 270 1937 tibi
287 1887 411 1937 fastidiose
427 1889 550 1953 continget
566 1897 591 1938 et
608 1890 687 1938 tenore
704 1889 844 1954 grunberiu
854 1903 903 1936 uon
920 1903 967 1945 rue,
977 1888 1084 1945 obscero,
1094 1889 1137 1936 sed
1152 1889 1225 1936 husen

122 1977 179 2018 tuos
191 1967 325 2024 trutines,
336 1969 377 2033 qui
395 1969 419 2016 iu
438 1983 510 2018 oense
528 1977 592 2027 suut,
604 1977 724 2019 occuteto.
757 1968 825 2018 Trru.
841 1967 907 2016 Nihil
918 1968 1041 2016 molestum
1052 1967 1103 2016 iore
1118 1968 1223 2016 nrbitror.

121 2059 179 2098 usur
192 2050 213 2098 si
223 2047 283 2098 iorte
293 2065 331 2097 ure
346 2049 472 2112 defetigari
483 2049 618 2114 contigerit,
635 2051 698 2098 iruuc
712 2049 832 2098 Somnum
846 2048 1017 2105 adhibebimus,
1027 2047 1117 2096 noenu
1127 2049 1224 2112 quidem

121 2129 147 2177 iu
159 2129 258 2177 nomine
267 2128 376 2191 similem,
386 2129 444 2176 mihi
456 2129 481 2176 iu
492 2129 662 2178 exercitetione
672 2128 772 2190 socium,
782 2135 807 2176 ct
818 2127 942 2192 sequnieru,
952 2129 994 2191 qui
1006 2141 1096 2177 rnecurn
1106 2125 1225 2177 tubertus·

121 2209 200 2258 mutto
211 2225 321 2274 peregere
331 2209 462 2259 consuerit.
496 2209 548 2258 Ηο.
566 2207 643 2257 Probe
660 2208 770 2271 loqueris.
787 2215 813 2256 et
829 2207 859 2256 de
870 2207 907 2256 uis
915 2207 1010 2272 quidem
1023 2208 1168 2272 procedente
1176 2223 1225 2256 ner·

121 2305 197 2340 moue
209 2297 286 2339 tecum
297 2289 349 2356 ipse
360 2291 509 2340 deliberubis.
527 2289 684 2338 cummuniter
694 2303 749 2337 reto
766 2303 857 2337 mecum
877 2287 920 2336 tibi
936 2303 1002 2336 uuuo
1018 2287 1224 2344 considerantium,

121 2369 344 2436 incipiendoruque,
352 2377 379 2418 ut
390 2371 449 2418 mihi
458 2371 560 2429 ridetur,
572 2372 602 2419 sb
613 2371 667 2434 ipso
678 2370 800 2433 Sophiste,
811 2369 903 2434 etquid
920 2375 965 2432 est,
974 2369 1000 2418 in
1018 2368 1098 2433 pritnis
1108 2369 1224 2417 definien-

121 2451 191 2500 dum.
207 2451 232 2499 in
244 2451 369 2515 praeseutie
380 2465 450 2514 porro
461 2457 496 2508 tn,
508 2451 576 2500 runut
588 2463 615 2500 eo
626 2465 681 2514 ego,
691 2449 762 2513 hujus
773 2463 897 2499 commune
908 2451 983 2498 soiurn
992 2463 1080 2498 nomen
1091 2449 1204 2498 hebemus
1215 2465 1221 2497 :

121 2545 171 2580 rem
191 2545 248 2578 veru
264 2531 349 2594 ipsum,
369 2545 424 2593 qnae
440 2531 538 2579 nornine
556 2532 701 2594 designetur,
721 2531 788 2579 uiiter
803 2531 864 2580 sorte
882 2538 979 2593 uterque
997 2537 1102 2578 nostrum
1123 2530 1222 2594 cogitet.

121 2611 227 2661 Praestnt
243 2621 322 2659 nutem
339 2611 365 2656 iu
382 2611 480 2672 siugulis
495 2625 545 2659 rern
561 2611 636 2674 ipssnu
652 2623 706 2658 euru
717 2610 857 2672 rationibus,
868 2623 938 2674 quern
950 2623 1037 2658 nornen
1047 2609 1123 2658 solum
1133 2609 1224 2673 ubsque

119 2691 216 2739 tutione
228 2689 367 2754 perspicere.
401 2691 473 2746 Quod
485 2691 591 2754 proiecto
603 2705 667 2740 nuno
685 2689 832 2752 inquirimur,
848 2689 966 2754 Supiriutcs
984 2703 1067 2752 genus,
1078 2690 1141 2742 hund
1152 2688 1224 2738 ieeiio

120 2768 218 2820 definiri
228 2778 315 2834 potest.
350 2769 427 2819 Vetus
438 2777 475 2818 eet
485 2769 638 2833 omniumque
650 2768 1011 2832 communiscomnunis
1022 2781 1060 2832 ee,
1071 2783 1125 2835 qun
1136 2785 1222 2834 tneque

120 2859 186 2908 snut,
198 2859 261 2899 recte
275 2851 401 2914 transigere
412 2851 477 2908 velit,
488 2849 512 2898 in
522 2848 599 2914 persis
610 2849 751 2914 quibusdem
763 2849 827 2914 prius
845 2849 885 2900 itte
901 2849 1102 2914 notioribusque,
1113 2865 1184 2914 quern
1195 2851 1219 2900 in

120 2931 237 2989 menimis,
249 2931 395 2980 considerem
414 2931 509 2979 debere.
543 2930 660 2994 Equidem
677 2931 796 2994 Sophiste
811 2945 886 2994 genus
901 2931 1025 2980 erbitrntns
1042 2931 1139 2981 diffloiiu
1150 2945 1221 2996 posce

120 3011 299 3077 comprehendi,
310 3011 387 3068 uobis.
399 3027 413 3060 o
424 3011 555 3069 iireoetete,
565 3011 675 3073 consulo,
686 3019 714 3060 nt
729 3019 784 3060 unte
800 3012 824 3058 iu
842 3011 921 3075 uliquo
938 3013 1041 3075 qnodntu
1054 3012 1154 3061 ineiiiori
1166 3029 1220 3079 pru-

120 3107 225 3157 gressum
241 3091 304 3141 iilius
319 3093 515 3157 praemeditemur.
532 3093 578 3141 nisi
598 3100 624 3140 tn
643 3094 703 3142 torte
721 3093 902 3141 commodiorem
921 3089 984 3140 riser
1001 3095 1119 3142 ostendes.
1151 3081 1241 3147 'frte'

120 3171 219 3220 Nuiinrn
235 3173 310 3221 huben
330 3173 518 3222 commodiorem.
551 3171 603 3221 iio.
619 3172 693 3220 Visne
712 3173 822 3236 eriguuur
841 3173 954 3235 quiddern
972 3173 1054 3220 etviie
1071 3173 1095 3220 'rn
1116 3175 1217 3222 medinm

120 3253 276 3316 adducemus,
289 3252 382 3315 runjoris
394 3252 467 3314 ipsius
478 3252 630 3316 exemplum?
663 3251 729 3300 Tne.
746 3251 819 3300 Volo.
853 3251 906 3300 tto.
923 3251 964 3298 Au
975 3267 1023 3299 uon
1037 3255 1217 3316 proponendum

119 3339 204 3380 notum
215 3333 329 3396 quiddntu
340 3339 412 3394 etque
423 3331 492 3388 exile,
504 3331 567 3395 quod
580 3330 732 3378 nihilominus
743 3331 773 3378 nd
786 3329 1084 3394 mnjorumiuteiiigentisrn
1096 3333 1218 3380 conseret?

119 3413 199 3478 qoeiis
208 3414 278 3460 horno
288 3410 390 3474 piscatur
397 3418 442 3462 est.
453 3412 504 3459 lere
516 3410 579 3459 enirn
589 3409 702 3474 quiddam
719 3417 787 3457 estet
795 3408 863 3456 uuile.
895 3409 961 3458 Tne.
978 3409 1058 3458 Certe.
1078 3411 1128 3461 1:10.
1147 3411 1217 3462 Viern

119 3501 200 3540 tumen
207 3497 232 3538 et
244 3491 317 3555 [219]
330 3491 479 3540 rstiouerned
488 3491 522 3546 ie,
530 3491 561 3538 de
569 3505 618 3554 quo
626 3490 725 3554 agiturne,
734 3497 814 3554 eptem
824 3489 910 3536 hebere
919 3487 1019 3539 ridetur.
1041 3489 1107 3539 Trrs.
1120 3491 1218 3555 Optimo

119 3571 154 3620 ite
165 3587 191 3620 se
203 3571 349 3619 renirsberet.
382 3571 432 3620 iio.
450 3571 514 3636 Age,
523 3572 580 3620 irinc
588 3572 742 3620 exordiemur.
755 3571 802 3626 dio,
811 3577 887 3617 utrurn
897 3569 973 3633 ipsum
982 3577 1094 3634 nuquam
1106 3572 1217 3622 nrtificio·

120 3667 182 3714 euru,
189 3667 219 3700 eu
228 3653 282 3699 ortis
289 3653 519 3716 expertem‚uiterins
526 3667 580 3701 vero
589 3653 703 3718 potctttire
710 3649 978 3716 cnjusdsrupnrtisipont
988 3664 1074 3714 ponere
1081 3651 1217 3702 netem

119 3732 187 3780 Tur.
208 3732 283 3782 Nullo
294 3735 366 3782 ruodo
378 3734 432 3782 ertit
443 3741 573 3798 expertem.
605 3733 658 3786 Ho.
676 3733 772 3783 Artium
782 3733 855 3782 ferme
866 3732 969 3780 omniurn
981 3732 1074 3796 species
1085 3731 1140 3782 dous
1153 3742 1216 3782 suut.

119 3813 186 3861 Tru.
204 3813 284 3871 Quot
317 3814 370 3862 Ho.
386 3813 537 3878 Agriculturs
555 3821 581 3862 e't
598 3814 725 3878 cujustibet
744 3814 847 3862 mortalis
868 3812 972 3878 emporis
990 3827 1054 3870 curn,
1072 3821 1097 3862 et
1116 3813 1216 3862 ieouitns

120 3893 207 3950 umuis,
217 3909 270 3957 quse
280 3895 343 3944 circu
353 3896 508 3960 compositum
520 3896 643 3960 quodiiiret
660 3895 770 3944 fictumve
781 3901 891 3950 versetur,
903 3903 956 3956 quur
973 3893 1129 3942 communite·
1138 3895 1218 3957 supel-

122 3973 213 4022 lectiiiu
223 3975 343 4037 dicuutur,
354 3983 379 4023 et
394 3990 447 4039 qne
457 3978 509 4024 huc
520 3975 638 4024 imitetur:
655 3976 772 4032 universe,
784 3975 887 4039 inquunt.
905 3972 1004 4022 incultus
1014 3973 1150 4038 hujusmodi
1169 3989 1216 4023 uno

120 4055 225 4117 quodem
237 4054 356 4102 communi
364 4057 459 4104 nomine
470 4058 602 4120 nuncupari
613 4058 692 4106 debet.
709 4057 773 4104 Tun.
791 4056 900 4113 Quouetu
910 4054 999 4118 pecto?
1010 4061 1035 4102 et
1045 4069 1093 4119 quo
1104 4053 1216 4103 nomine?

119 4135 173 4184 Ηο.
190 4133 382 4197 Quotieuuqnod
393 4143 464 4183 nutes
473 4151 521 4184 non
533 4143 591 4194 eret,
601 4137 626 4184 in
634 4137 839 4203 essequindciude
846 4135 971 4200 perducit:
983 4135 1048 4199 quod
1056 4135 1113 4198 ugit,
1121 4134 1216 4194 iucem

120 4215 186 4280 quod
199 4213 283 4280 egitur,
296 4214 345 4262 ieri
356 4215 465 4264 diuinus.
497 4215 565 4266 Tus.
582 4216 668 4266 Recte.
701 4217 751 4268 iio.
769 4217 870 4272 cuncte,
880 4228 933 4280 que
945 4215 1016 4278 punio
1025 4223 1080 4263 ente
1086 4215 1216 4273 retulimus,

121 4298 150 4345 nd
162 4299 209 4345 hou
220 4297 266 4344 viru
278 4295 375 4344 hebent.
408 4295 475 4346 Tun.
492 4297 590 4346 Habent
606 4303 677 4347 certe.
710 4297 762 4346 iio.
779 4298 917 4346 Summotitn
928 4297 1007 4360 itique
1024 4295 1064 4342 tttr
1074 4295 1215 4345 effectricem

120 4377 257 4428 tumtunm
268 4377 454 4427 denominamus.
487 4377 552 4428 Tun.
570 4375 638 4428 linio.
654 4377 704 4428 Ho.
723 4377 863 4442 Discipiiuns
874 4391 929 4426 vero
940 4383 965 4424 et
974 4375 1115 4440 cognitionis
1124 4377 1216 4440 speeies

122 4457 238 4522 universe,
250 4465 275 4506 et
293 4463 396 4521 questus
414 4457 595 4524 certaminisque
611 4471 640 4508 tto
655 4457 758 4507 venundi
776 4457 869 4522 pertun,
885 4471 921 4505 ers
937 4455 1073 4521 acquirendi
1083 4459 1214 4507 sunmetinr

122 4541 228 4589 coeundo
240 4537 348 4588 ridecrru
367 4539 457 4605 quippe
468 4555 522 4590 cunr
540 4539 599 4590 nihii
609 4555 639 4591 ex
658 4538 708 4589 istis
719 4538 844 4605 quicquum
861 4537 976 4600 sobrium
991 4552 1045 4602 quse
1055 4553 1109 4589 veru
1120 4547 1174 4587 sunt
1191 4546 1216 4587 et
