3144 5310
496 1189 821 1278 GORGIAS.

122 1526 125 1532 '
183 1542 385 1604 crunctis.
400 1541 579 1602 euentura,
596 1539 829 1602 eumuna.
847 1539 1008 1602 conotus,
1024 1541 1141 1594 nouus.

109 1761 192 1828 [tii]
209 1763 252 1812 Src
269 1761 300 1814 ad
311 1762 399 1813 bellurn
410 1770 436 1814 et
445 1779 548 1830 pugnans
566 1763 655 1823 ierunt,
673 1780 688 1812 o
705 1763 823 1823 Socrates,
834 1763 1005 1816 socedendum.
1037 1762 1079 1814 So.
1095 1759 1217 1828 Nunquid'

111 1850 172 1910 post
182 1843 278 1902 testum,
290 1852 317 1894 ut
327 1845 376 1894 dici
394 1845 463 1910 solet,
479 1845 585 1894 venimus
603 1843 733 1896 tardiores?
767 1843 831 1894 cat.
847 1843 879 1894 Et
890 1844 959 1893 valde
976 1843 1072 1910 quidem
1089 1844 1213 1895 urbanum.

113 1923 192 1973 multa
203 1925 267 1973 enim
278 1933 303 1973 et
313 1927 425 1992 preclara
436 1927 509 1992 psulo
520 1935 575 1974 ante
587 1925 689 1991 Gorgias
703 1924 772 1974 nobis
791 1925 910 1990 exposuit.
943 1925 986 1975 to.
1001 1923 1127 1972 Tarditetis
1145 1923 1216 1988 liujus

112 2019 189 2054 cauas
205 2004 244 2054 hic
262 2005 422 2070 Chnrepircu,
441 2023 457 2056 o
476 2005 597 2064 Callicles,
608 2005 663 2063 tuit,
681 2004 723 2072 qui
742 2007 832 2054 uehere
848 2021 892 2054 nos
909 2019 997 2054 morsm
1014 2003 1040 2052 ia
1059 2004 1111 2052 ioro
1127 2003 1217 2070 coiqlt.

114 2083 189 2136 Cna.
205 2084 273 2134 Nihil
286 2085 313 2134 id
325 2085 421 2150 quidem
433 2085 606 2150 impedimenti,
617 2102 632 2134 o
642 2085 762 2150 Socrates,
772 2085 851 2136 tuerit.
868 2101 914 2151 ego
925 2087 989 2134 enim
1000 2093 1025 2136 et
1036 2085 1163 2134 remedium
1174 2085 1217 2132 sd·

114 2163 211 2214 lribebo.
227 2182 282 2215 uam
302 2167 359 2216 mihi
378 2167 467 2217 emicus
485 2175 522 2216 est
538 2165 656 2231 Gorgian
672 2167 753 2231 itaque
770 2165 820 2215 sive
836 2183 910 2225 nunc,
921 2167 971 2216 sire
989 2166 1046 2216 alias
1056 2163 1219 2228 meriquobls

113 2247 199 2294 eedem
211 2247 388 2298 demonstrabit.
420 2247 485 2298 Car..
504 2247 580 2312 Quid,
595 2263 611 2296 o
628 2245 794 2314 Cherepitou?
815 2247 913 2314 rupitne
926 2247 1036 2296 Socrstes
1054 2247 1136 2296 audire
1157 2243 1219 2296 Gor·

116 2326 198 2391 giemi
230 2326 302 2379 cua.
319 2326 359 2376 Ob
376 2328 402 2376 id
421 2329 498 2394 ipsum
517 2335 581 2378 certe
600 2328 730 2378 ederemus.
763 2326 829 2379 Cat.
845 2327 1045 2394 Quandocumque
1062 2327 1135 2392 igitur
1152 2325 1220 2375 robis

114 2407 222 2471 placebit
237 2409 269 2456 ad
287 2424 325 2456 me
344 2407 451 2474 ingredi:
468 2410 533 2476 apud
555 2425 592 2457 me
613 2409 677 2458 euim
698 2407 800 2474 Gorgias
819 2407 932 2460 divertit:
952 2408 1018 2457 robis
1040 2407 1139 2474 operiet.
1173 2407 1217 2454 So.

114 2487 188 2537 Beue
197 2487 308 2552 loqueris,
320 2487 440 2538 Callicles.
473 2490 520 2538 Sed
532 2505 589 2538 num
601 2489 707 2540 relictio
720 2489 845 2556 prasentia
856 2489 978 2539 nobiscum
991 2489 1120 2538 disserere?
1137 2487 1218 2556 Cupio

111 2565 182 2616 enim
193 2569 223 2616 ab
234 2567 286 2634 ipsu
297 2569 437 2634 percontari,
447 2585 555 2636 quantur
567 2569 598 2617 sit
608 2569 664 2618 ertia
674 2586 723 2618 sues
740 2570 856 2634 potentia,
876 2569 964 2636 quidve
976 2571 1028 2634 ipse
1039 2569 1176 2634 proitestnr
1192 2575 1218 2616 et

115 2649 214 2698 doceat.
247 2648 383 2700 Ceterarum
393 2666 448 2699 vero
458 2665 544 2712 rernm,
555 2649 753 2716 quemadmodum
765 2657 791 2697 tu
803 2649 874 2714 dicis,
890 2649 1062 2716 expetitionem
1079 2649 1148 2700 uobis
1162 2648 1221 2698 alias

114 2727 209 2778 eti'erat.
243 2728 309 2781 Cat..
326 2729 399 2779 Haud
410 2730 510 2780 molesta
520 2731 564 2780 erit
575 2729 737 2794 interrogatio,
747 2729 864 2780 Socrates.
881 2747 935 2780 uam
947 2731 972 2779 id
983 2747 1080 2798 quoque
1090 2730 1115 2778 in
1125 2745 1168 2780 sus
1178 2729 1221 2776 de·

116 2808 288 2859 monstratione
299 2811 472 2860 continebatur.
503 2809 521 2861 J
522 2809 580 2859 ussit
590 2827 646 2878 ergo
655 2809 726 2878 paulo
737 2819 793 2860 snte
804 2827 885 2861 omnes
902 2810 944 2880 qui
963 2812 1027 2860 intus
1038 2812 1145 2874 aderaut,
1155 2809 1220 2876 quod

118 2891 221 2956 quisque
231 2891 314 2956 vellet,
323 2908 378 2941 eum
394 2891 547 2958 interrogare,
561 2905 633 2958 seque
649 2893 680 2941 ad
692 2900 778 2941 cuncte
796 2909 961 2958 responsurum
971 2891 1089 2959 protessus
1099 2897 1143 2940 est.
1177 2889 1221 2942 So.

118 2971 184 3021 Rern
205 2981 268 3022 certe
291 2973 424 3038 praeclaram
453 2989 540 3024 narras.
583 2973 677 3040 ltsque,
701 2973 860 3040 Chairephon,
881 2973 999 3040 interrege
1019 2973 1104 3038 ipsum.
1145 2970 1218 3022 cua.

119 3053 242 3110 Quidnam
254 3051 412 3117 interrogem?
444 3053 487 3103 So.
505 3053 622 3114 Quisnstn
633 3055 685 3118 ipse
696 3053 734 3103 sit.
768 3055 841 3105 cue.
857 3053 1152 3113 Quemadmodumdicisi
1176 3051 1221 3108 So.

120 3133 207 3183 Veluti
217 3132 237 3184 si
248 3133 330 3184 artifex
340 3134 471 3184 calceorum
482 3135 551 3197 iuret,
560 3136 711 3202 responderet
720 3143 793 3192 certe,
804 3151 830 3184 se
840 3135 962 3186 coriarium
974 3149 1033 3184 erae.
1050 3149 1081 3182 ιιι
1092 3132 1156 3198 quud
1167 3133 1223 3182 dico

121 3215 372 3282 nondumiutelligis?
405 3216 478 3266 Cae.
494 3216 607 3282 iutelligo
619 3216 739 3282 equidem,
758 3215 848 3280 etjam
868 3217 964 3280 rogabo.
997 3213 1046 3264 vtc
1058 3211 1223 3270 ultumum·

122 3295 171 3362 gis,
183 3313 239 3346 num
247 3313 300 3348 vere
312 3299 372 3348 dicit
382 3297 503 3362 Callicles,
514 3305 538 3348 te
550 3297 654 3363 profiteri
665 3311 831 3362 respoueunun
842 3296 872 3343 ad
884 3295 973 3354 omnis,
983 3295 1015 3342 de
1026 3293 1112 3358 quibus
1123 3291 1223 3360 quilibet

122 3377 269 3427 sciscitetur?
303 3377 372 3430 Gon.
390 3378 454 3428 Vere
464 3377 506 3436 sit,
524 3377 598 3446 [tta]
617 3375 802 3440 oClterephoc.
820 3389 905 3438 nempe
917 3375 989 3424 modo
999 3373 1026 3422 id
1043 3373 1119 3437 lpsum
1137 3371 1222 3437 predi·

122 3459 217 3514 caiam,
236 3467 307 3525 atque
323 3459 378 3508 dico
394 3459 453 3508 nihil
473 3457 529 3508 nori
546 3474 562 3506 s
579 3473 617 3505 me
637 3471 772 3523 quenquam
792 3453 873 3504 multis
890 3455 960 3504 anuis
981 3460 1144 3520 percontatum
1162 3469 1222 3502 esse.

123 3537 198 3589 Cum.
214 3537 304 3605 itsgua
320 3555 376 3604 ergo
387 3539 501 3589 iecilltata
521 3539 660 3604 respondes,
676 3536 774 3601 Gorgia.
809 3533 879 3586 (iou.
896 3533 965 3586 Licet
982 3533 1052 3600 hujus
1069 3533 1112 3593 rui,
1130 3533 1224 3584 chem·

123 3619 197 3682 piton,
210 3619 338 3684 periculum
349 3621 435 3670 iacere.
469 3619 534 3668 Pon.
550 3617 621 3667 Licet
632 3635 675 3684 per
682 3617 781 3666 Jorem:
798 3617 840 3666 scd
850 3615 998 3666 commodius
1007 3615 1034 3664 in
1045 3631 1091 3675 me,
1102 3615 1121 3665 si
1132 3615 1200 3674 selis,
1209 3631 1225 3664 o

122 3697 350 3764 championem
369 3699 471 3764 Gorgias
490 3699 586 3765 quidem
602 3697 653 3764 jam
670 3697 695 3746 in
717 3698 822 3747 dicendo
839 3697 947 3747 defessus
957 3697 1014 3746 mihi
1026 3697 1135 3758 ridetur;
1152 3697 1228 3746 multe

122 3779 186 3827 euim
198 3795 274 3848 nuper
284 3779 401 3830 disseruit.
435 3781 506 3831 Cen.
524 3779 590 3838 Quid
612 3787 648 3844 tu,
664 3777 743 3829 Polel
759 3779 878 3830 sabitrsris
893 3777 977 3828 melius
990 3795 1061 3846 quam
1072 3777 1184 3843 Gorgiam
1203 3785 1228 3826 te

123 3861 307 3924 responsurum?
340 3861 402 3911 1³01„
419 3861 540 3920 Quidnam
559 3860 667 3923 interest,
685 3860 814 3910 dummodo
832 3859 889 3910 satis
908 3860 951 3909 tibi
967 3859 1027 3908 fiat?
1061 3857 1132 3908 Cue.
1150 3855 1228 3910 Nihil.

122 3941 163 3988 sed
177 3939 291 4006 quonism
303 3940 345 3997 ris,
356 3943 482 4006 responde.
514 3943 578 3992 Poe.
595 3941 726 4008 Interroga,
761 3941 833 3993 Cum.
849 3942 904 3992 Jam
925 3940 1052 4006 interrogo·
1083 3937 1108 3986 Si
1127 3935 1229 4002 Gorgias

122 4019 251 4069 scientiam
262 4017 315 4082 ejus
325 4021 380 4068 artis
392 4021 495 4080 haberet,
505 4023 574 4088 cujus
586 4024 656 4074 trater
667 4023 720 4088 ejus
737 4023 872 4074 Herodicus
889 4021 969 4080 habet,
989 4036 1060 4088 quem
1078 4019 1155 4084 ipsum
1167 4023 1231 4068 recte

125 4097 334 4162 nuncuperemus?
351 4113 431 4148 nonne
443 4109 469 4149 ut
478 4101 562 4151 illum?
596 4103 659 4154 Poe.
677 4103 784 4154 Pronus.
817 4102 889 4153 en.
907 4100 1031 4152 Medicum
1052 4115 1108 4164 ergo
1121 4105 1230 4148 vocantes

124 4177 357 4228 recturocaremusl
392 4177 456 4228 Ροι.
474 4179 519 4228 lta.
553 4181 625 4232 cae.
640 4183 668 4232 Si
679 4191 757 4231 sutem
769 4181 832 4232 illius
842 4180 908 4246 artis,
926 4179 995 4246 cujus
1005 4179 1152 4248 Aristophou
1168 4179 1231 4233 fitius

126 4255 316 4324 Aglaophontis,
327 4267 369 4308 aut
379 4258 450 4309 freter
460 4259 521 4326 ejus,
539 4261 636 4312 haberet
653 4263 771 4324 notitiam,
789 4279 860 4330 quern
876 4269 939 4312 recte
949 4262 1027 4330 ipsum
1039 4251 1233 4327 appellaremus?

130 4339 193 4389 Poe.
211 4337 283 4389 Certe
292 4339 414 4405 pictorem.
450 4341 520 4391 cue.
536 4341 610 4392 Nunc
621 4351 710 4400 autem,
729 4359 782 4392 cum
801 4343 857 4392 artis
867 4342 969 4408 aiicujus
979 4341 1068 4414 peritus
1079 4341 1111 4391 sit
1121 4341 1232 4410 Gorgias,

128 4437 199 4488 quem
212 4421 289 4486 ipsum
301 4431 364 4472 recte
376 4423 530 4474 rocsbimus?
564 4423 630 4475 Por..
644 4423 671 4498 ν0
683 4423 841 4490 Cherephon,
858 4423 948 4474 multa-
959 4425 1055 4492 quidem
1073 4433 1134 4476 artes
1151 4426 1233 4478 insuat

129 4501 272 4561 hominibus,
283 4517 312 4552 es
323 4503 407 4572 peritia
419 4505 493 4570 perite
502 4504 646 4555 sdinrente.
662 4503 748 4572 peritia
760 4503 822 4556 enim
834 4503 905 4556 efficit
913 4505 985 4556 ritem
997 4514 1098 4557 noscam
1107 4521 1150 4574 per
1159 4515 1232 4558 artent

131 4583 252 4642 incedere,
263 4583 382 4651 imperitia
393 4601 448 4636 sero
459 4603 501 4652 per
511 4587 629 4638 fortunam
648 4587 828 4654 circumvagari.
844 4587 925 4640 Ιιιιιιιιι
945 4587 1089 4657 singularum
1107 4585 1233 4656 putdpe‘·
