3174 5322
137 537 211 624 rou]
599 541 767 607 tronus.
1197 553 1236 612 rr

133 695 339 766 reponduqtpu
349 695 463 756 videritir.
480 695 538 748 milti
547 705 611 750 curte
621 705 646 748 et
655 698 711 748 lunio
722 697 832 750 nuec-
850 705 951 762 puurn.
968 700 990 749 ri
1001 699 1065 750 veliti
1073 703 1162 762 omniu,
1172 719 1228 770 qun

132 779 264 844 interroget
272 781 387 837 Somter,
398 778 490 827 rodone
501 793 642 843 percurrere.
673 777 769 828 uunr·
779 780 858 828 rtatim
870 793 884 826 r
895 779 1013 844 principio
1023 781 1082 844 diri,
1098 784 1187 834 idcirco
1199 785 1230 834 nd

132 860 313 910 conrnltrndnrn
325 875 367 909 ror
376 859 474 918 meari,
484 860 549 925 quod
560 861 694 924 excogitate
704 860 771 910 robir
783 861 834 910 hec
842 859 904 924 jum,
919 869 947 910 ut
956 862 1044 912 decem
1054 871 1099 922 ert,
1110 865 1234 916 nrbitrnre·

131 955 200 990 rnurr
216 941 343 1005 prnmrtim
353 957 407 992 eum
418 939 480 990 dllor
490 939 646 998 triumfo
656 955 708 998 nor,
719 956 749 990 en
758 940 830 990 imme
845 942 871 989 in
888 949 959 991 ntrte
972 943 1023 1007 jum
1039 943 1190 1008 conctitotor,
1205 945 1231 994 in

130 1015 179 1088 qun
187 1023 219 1072 de
228 1021 362 1072 eruditione
380 1022 411 1070 rit
421 1021 583 1085 cogitandum.
615 1022 641 1070 Si
659 1037 715 1086 ergo
726 1021 784 1070 nihil
797 1021 913 1086 prohibet,
925 1023 1007 1080 dicite,
1019 1025 1125 1082 chromo,
1136 1040 1232 1090 unoque

129 1119 184 1152 curn
194 1103 293 1152 Socrcte
302 1103 349 1152 hoc
359 1103 516 1158 concidente,
533 1109 559 1151 ct
574 1101 710 1158 reddenter.
725 1109 751 1151 et
761 1103 906 1166 recipienter
917 1103 1017 1153 invicem
1028 1105 1150 1156 tutionem.
1167 1117 1230 1155 recte

129 1184 321 1248 nemqueetlroc
332 1183 376 1232 irte
395 1183 499 1240 dicebct,
514 1183 546 1230 de
557 1183 657 1236 murino
674 1183 779 1247 quodem
800 1191 930 1232 nostrorum
942 1185 1047 1234 omnium
1066 1184 1091 1234 iu
1106 1187 1233 1248 memnon

129 1277 173 1312 nnc
183 1263 323 1314 deliberem.
357 1255 446 1312 Videte
458 1263 548 1328 itaque,
557 1271 634 1312 utrum
646 1263 681 1312 rio
692 1262 812 1327 egendum
822 1263 968 1314 erirtimetir.
1001 1263 1046 1315 Nr.
1064 1265 1157 1314 Viderir
1166 1273 1230 1318 certe

129 1343 195 1401 mihi,
208 1344 358 1410 Lyrimrohe,
367 1345 486 1393 Socrctem
503 1360 533 1393 er
552 1353 620 1408 prtre
630 1351 722 1394 tuntum
737 1359 889 1408 cognoscere,
909 1361 988 1410 neque
1006 1361 1060 1394 cum
1076 1361 1106 1394 co
1127 1361 1230 1411 unquam

129 1425 326 1474 conmetudinem
338 1423 447 1474 huboirre
460 1441 467 1474 r
484 1423 531 1472 niri
541 1423 610 1481 iorte,
620 1424 678 1474 dum
688 1432 752 1473 erret
762 1439 829 1488 puer,
848 1430 937 1487 petrem
948 1434 1043 1474 recutur
1052 1425 1181 1491 uliqunndo
1193 1425 1231 1476 rel

129 1505 154 1555 in
166 1506 266 1572 templo,
276 1507 316 1555 rel
326 1505 374 1555 ulie
385 1503 493 1570 populari
509 1512 637 1562 conventu,
654 1503 698 1554 tibi
709 1504 844 1556 edocuerit.
861 1506 937 1554 virum
951 1513 1031 1555 entem
1049 1506 1113 1556 huuc
1130 1505 1230 1565 tentum.

126 1586 247 1650 nondum,
265 1593 294 1636 ut
314 1594 425 1652 nppruet¹
440 1602 467 1635 cr
486 1584 611 1637 nllooutur.
643 1587 691 1637 Lr.
709 1587 767 1644 Cur,
787 1603 802 1636 o
821 1587 910 1636 Nioir?
943 1585 989 1638 Nr.
1006 1587 1118 1652 Ignumre
1136 1587 1231 1645 rider'u,

124 1669 193 1731 qoud
203 1667 342 1732 quicunqne
352 1681 468 1727 cernone,
482 1665 550 1730 qnnul
561 1681 654 1729 genere.
665 1668 813 1732 propinquet
831 1667 930 1730 Sorrrti,
949 1668 1032 1734 illique
1044 1667 1169 1732 dirputcur
1179 1669 1227 1716 hn-

124 1755 175 1810 ret,
187 1747 283 1796 licetde
293 1745 342 1796 clio
352 1761 470 1811 quoanru
481 1748 580 1810 coperit
589 1746 717 1811 dirpntnre‚
729 1749 820 1811 cogitur
831 1751 926 1798 trudem
938 1749 1039 1798 Socmtir
1050 1749 1125 1798 rerblr
1136 1749 1227 1798 ndduo·

123 1833 166 1874 tur
177 1839 229 1874 rure
237 1827 294 1876 ritrr
304 1826 403 1875 reddere
414 1826 538 1886 cntionem,
547 1841 602 1890 qun
613 1825 643 1874 rit
652 1828 783 1890 pratentis.
800 1843 854 1892 quo
872 1828 946 1894 [188]
963 1836 1077 1878 untemtro
1087 1829 1162 1894 ipriur
1171 1829 1227 1880 ritrr

124 1906 254 1957 conditior
271 1914 298 1955 et
315 1913 441 1971 portquern
460 1906 485 1954 ln
507 1907 558 1955 line
575 1907 667 1962 inuidit,
686 1922 733 1956 uon
754 1907 817 1971 prinr
834 1923 888 1956 euru
906 1907 1004 1958 dimittit
1019 1909 1135 1966 Someter,
1154 1925 1227 1974 qunrn

124 1994 213 2038 moen
223 1987 276 2035 hec
291 1985 434 2035 ruffinienter
452 1985 627 2036 ercminuretit.
659 1985 712 2051 Ego
729 1996 808 2036 cutem
829 1989 874 2037 hoc
885 1987 1028 2036 familiariter
1045 2003 1101 2037 usur
1120 2003 1182 2045 turn,
1198 2003 1227 2038 rc

124 2065 284 2118 mnndum
295 2080 347 2115 erre
359 2081 478 2131 cognoroo
489 2066 561 2132 hujur
570 2083 599 2116 er
611 2068 688 2118 rerbir
705 2069 756 2116 hee
768 2067 872 2132 perpeti.
891 2069 987 2132 quodve
1004 2083 1068 2117 nuuc
1085 2068 1137 2131 ipre
1152 2068 1230 2132 prtirr

124 2163 175 2198 nnn
194 2147 286 2212 ignoro·
319 2145 433 2196 Delectat
452 2161 490 2195 me
508 2147 637 2196 admodum
658 2146 738 2210 liujur,
758 2164 774 2198 o
793 2147 946 2214 Lyrimuclre,
971 2147 1126 2198 consuetudo.
1149 2163 1228 2212 neque

124 2229 189 2280 enim
196 2229 281 2278 oberro
291 2233 350 2292 puto
362 2235 388 2276 ut
399 2227 423 2275 ln
434 2227 569 2276 memorium
580 2229 715 2286 reducetur,
734 2229 755 2277 ri
773 2230 832 2293 quid
850 2245 899 2278 non
917 2237 980 2279 reete
991 2229 1028 2279 rel
1039 2229 1175 2291 irretimur,
1190 2227 1228 2278 rel

123 2308 245 2358 sociemur·
260 2309 334 2357 immo
345 2323 399 2357 rero
417 2323 513 2358 umente
523 2317 560 2358 ert
570 2323 624 2358 eum
634 2309 677 2375 qni
688 2309 740 2359 lunc
749 2325 798 2358 non
809 2309 905 2374 refugit,
923 2309 1052 2361 cautiorem
1065 2309 1092 2360 in
1104 2317 1225 2374 porterum

123 2390 183 2454 lieri,
199 2379 372 2439 nrirtirunutem
388 2389 518 2439 coeundum
536 2389 596 2438 illud
616 2389 711 2439 Solonio
733 2389 823 2440 tnmdiu
840 2391 990 2450 diruendum,
1036 2391 1132 2441 urmdiu
1154 2390 1223 2448 ririt,

123 2487 201 2536 neque
212 2475 347 2534 rpem-tem
357 2477 503 2520 mutem
514 2471 589 2535 iprum
600 2477 702 2522 mentem
718 2473 788 2521 nobir
805 2473 922 2522 dcturrm.
954 2407 1109 2536 minuiturque
1125 2486 1170 2522 neo
1185 2470 1222 2520 in-

125 2559 219 2602 cretum
229 2559 275 2610 ert.
284 2565 330 2600 nec
340 2549 497 2615 injucundum
509 2552 630 2600 nSoerrte
640 2553 686 2602 hoo
696 2553 831 2602 ewntnui.
848 2553 914 2616 utqui
920 2552 1062 2617 jampridem
1072 2551 1098 2601 id
1110 2551 1223 2612 rcieinur,

122 2649 253 2684 arnonem
270 2632 339 2682 uoblr
360 2647 409 2680 non
427 2631 459 2680 de
478 2633 558 2695 pnerlr
575 2638 691 2696 procerte
708 2632 815 2695 Somrte,
832 2633 919 2682 redde
936 2631 1090 2695 nobiciprir,
1107 2631 1221 2680 futurum.

123 2716 284 2774 Qrmobmru
295 2711 355 2762 nihil
366 2711 485 2778 probibet,
495 2727 544 2777 qno
555 2713 633 2761 minor
644 2727 697 2760 mm
709 2712 815 2770 Socnte,
827 2719 947 2778 utrunque
958 2712 1010 2760 rult
1024 2712 1085 2776 ipre,
1100 2711 1222 2763 diruerunt.

121 2813 200 2847 rerum
210 2795 344 2852 eomidrrr,
360 2809 409 2858 qno
420 2801 491 2858 preto
508 2792 539 2841 nd
556 2793 602 2842 lrnn
619 2791 710 2842 laclia
726 2792 849 2842 efficietur.
868 2793 929 2844 lm.
947 2791 1091 2857 Simpliciter
1100 2791 1221 2856 equidem,

121 2877 202 2938 men,
212 2871 270 2942 erg'c
279 2889 397 2925 cormoner
408 2873 505 2932 efficior,
515 2873 587 2924 immo
598 2888 662 2930 reru,
678 2872 699 2922 rl
711 2874 755 2932 rir,
766 2873 901 2939 dupliciter.
917 2889 986 2940 porro
997 2874 1119 2923 uerborum
1129 2872 1221 2922 rtudio·

121 2975 159 3010 rur
174 2959 250 3008 rlderl
265 2957 369 3021 euipirm
386 2971 488 3020 porrum,
504 2963 530 3004 et
545 2954 676 3018 aliquando
692 2963 784 3006 onnon.
801 2971 856 3004 nrm
872 2957 968 3022 quoticr
983 2956 1014 3004 dn
1031 2954 1117 3004 uirtute
1135 2953 1171 3004 rel
1187 2953 1220 3002 de

121 3039 240 3106 rcpierrtie
247 3039 350 3104 qnndnru
362 3036 465 3102 niiqnem
476 3036 549 3085 undio
561 3036 732 3101 dirputrutem,
743 3053 823 3087 rerem
832 3037 907 3086 virum
919 3038 1064 3102 dignumque
1073 3035 1219 3086 rrrmonibur

121 3121 189 3187 lprir‚
199 3119 260 3170 rnlrr
270 3119 372 3184 quedem
384 3117 473 3168 efficior
485 3117 616 3183 voluptate,
626 3119 789 3184 contemplum
799 3120 916 3169 dicentem
928 3119 1006 3176 timul,
1025 3133 1053 3166 uo
1063 3117 1137 3173 dicte,
1147 3130 1219 3180 quem

121 3215 227 3266 congrue
237 3199 299 3250 luter
309 3215 335 3248 rc
344 3207 371 3248 et
380 3215 484 3249 conronn
494 3199 550 3252 rint.
583 3200 673 3265 Atquev
680 3200 719 3250 hie
735 3202 842 3266 prolecto
853 3201 889 3250 vir
906 3201 1008 3250 muucur
1017 3213 1069 3248 erre
1080 3198 1138 3246 mitri
1149 3196 1218 3246 ride-

118 3289 164 3346 tur,
175 3280 323 3331 hnrmonlnm
334 3280 493 3330 mrvlrrimrm
510 3279 655 3342 moduletur,
673 3295 722 3330 uon
739 3281 826 3346 lyrnrn,
839 3295 917 3345 neque
931 3277 1167 3343 joculrriequmdrm
1179 3275 1217 3324 lu·
1237 3285 1258 3306 ⁸·

119 3369 257 3419 rounam,
274 3362 316 3412 red
328 3359 400 3410 vion
408 3375 488 3410 revere
503 3367 684 3425 corrumperent
700 3362 826 3413 concordio
836 3361 958 3408 uerborum
974 3365 1001 3408 et
1015 3372 1122 3420 operum,
1136 3354 1218 3404 conci·

117 3451 215 3494 nentem
226 3443 355 3494 coeundum
366 3441 479 3492 Doricum
491 3441 603 3492 videlicet
621 3441 760 3502 melodium,
778 3456 827 3489 non
840 3439 956 3502 ionicum,
971 3447 1013 3487 rut
1022 3435 1160 3501 Phrygium.
1176 3443 1218 3485 rut

116 3523 232 3592 Lydium,
242 3523 283 3572 red
293 3537 345 3574 enm
360 3531 432 3580 uerte,
449 3537 504 3587 que
521 3523 571 3572 roir
587 3521 672 3572 Grncn
686 3529 723 3571 ert
737 3521 867 3570 harmonio.
900 3519 964 3570 Trlir
982 3519 1061 3582 imque
1071 3517 1105 3566 rir
1121 3516 1218 3568 mirifice

116 3605 164 3653 mir
175 3619 215 3654 me
227 3603 302 3654 rerbir
310 3605 423 3661 micent,
433 3603 563 3668 efficitque,
573 3613 602 3652 ut
611 3603 733 3652 verborum
741 3602 888 3652 cridiorerre
899 3601 992 3652 ridenr=
1010 3607 1077 3649 tento
1085 3600 1217 3650 utentur·

114 3685 179 3734 dictu
188 3683 255 3734 illinc
265 3685 366 3750 recipio.
401 3685 518 3750 Quirqnir
529 3693 609 3735 eutem
621 3685 671 3750 egit
681 3693 772 3750 conon,
778 3699 844 3734 muer
853 3683 955 3734 offendit
965 3698 1040 3740 rum,
1055 3689 1081 3731 et
1091 3697 1139 3747 quo
1149 3681 1216 3746 loqui

115 3764 208 3814 ridetur
215 3766 330 3824 omrtlur,
341 3781 370 3816 co
382 3765 455 3815 efficit
465 3765 540 3831 mugit
549 3765 663 3816 utridenr
672 3782 688 3816 n
698 3767 843 3816 rermnnilrur
853 3767 983 3816 rbhorrere.
1007 3763 1108 3814 Socrrtir
1117 3762 1215 3828 quidem

113 3845 184 3894 verbu
202 3846 309 3896 nondum
326 3855 436 3912 expertor
454 3863 516 3906 rum,
535 3863 608 3912 opere
624 3855 687 3898 certe
706 3849 866 3914 qurndoquer
883 3847 989 3913 mihique
1004 3851 1149 3909 compertum
1169 3850 1216 3899 est,

113 3925 176 3976 huuc
194 3926 313 3991 prnelnrir
332 3929 488 3987 rcrmouibnr,
506 3929 619 3994 omnique
638 3927 747 3978 libertate
767 3929 881 3994 loquendi
900 3929 999 3992 dignum
1020 3941 1079 3974 erre.
1097 3923 1171 3987 [189]
1189 3923 1217 3972 Si

113 4021 169 4071 erqo
178 4016 205 4056 et
215 4008 261 4058 hoe
274 4009 356 4069 urbo,
372 4025 427 4060 cunr
443 4025 473 4059 eo
489 4009 561 4075 plene
576 4011 710 4067 contentio.
727 4017 800 4075 ntqne
818 4008 972 4058 libentirdme
988 4007 1019 4054 rb
1035 4002 1153 4068 ejurmodi
1163 4002 1214 4050 riro

112 4086 273 4154 minnbor,
282 4105 362 4154 neque
370 4091 496 4141 molentum
507 4092 565 4142 milri
575 4092 621 4142 erit
631 4092 661 4140 tlt
671 4107 702 4141 eo
712 4090 803 4154 uliquid
814 4090 913 4138 diruere.
946 4086 1021 4151 Atqui
1037 4092 1062 4134 et
1073 4082 1157 4132 soloni
1168 4085 1213 4131 hnc

112 4164 208 4234 adjecto
217 4171 344 4222 concedm
362 4171 427 4238 quod
438 4187 454 4222 n
465 4173 534 4222 bonit
544 4174 598 4222 rlrir
615 4176 739 4222 dumturt
747 4171 822 4221 mnltr
833 4183 957 4218 unrocus
968 4167 1058 4215 dircere
1068 4163 1132 4214 uolo.
1157 4163 1213 4212 Hoc

112 4247 183 4314 igitur
191 4251 225 4300 rit
235 4251 292 4301 milti
303 4267 453 4310 encomio.
473 4251 551 4316 iprum
562 4259 731 4317 preceptorem
741 4253 830 4300 bonum
845 4265 907 4308 erre.
924 4248 1035 4308 referte,
1050 4245 1107 4293 dum
1125 4243 1214 4294 irruitur

9 4323 10 4392 Ῐ
112 4331 186 4395 dinco,
195 4331 308 4381 lndneilir
318 4347 370 4382 erre
380 4333 565 4397 viduumque
575 4333 630 4380 milri
641 4346 704 4380 curn
721 4339 767 4389 ert,
784 4337 861 4378 utrum
882 4330 913 4378 rit
922 4333 1053 4394 preceptor
1068 4324 1157 4391 junior,
1174 4326 1212 4376 rel

113 4412 218 4462 unndnrn
227 4413 342 4476 opinione
353 4414 473 4462 hominnm
482 4413 567 4470 ulrrur,
579 4414 616 4462 rel
627 4411 694 4461 uliud
704 4410 750 4460 tcle
758 4409 816 4476 quid
827 4411 922 4460 liabent.
954 4409 1007 4458 'libi
1018 4409 1089 4474 igitur
1099 4407 1213 4473 predico,

113 4490 229 4550 Bronten,
239 4499 267 4540 ut
276 4508 315 4542 rue
325 4495 541 4560 quomodocunque
552 4495 587 4542 rir
598 4502 623 4542 er
633 4494 729 4550 dooere,
748 4498 773 4541 et
791 4491 924 4556 redrrgurq
943 4495 969 4539 et
981 4490 1059 4539 dircrr
1076 4490 1140 4554 quud
1159 4489 1212 4554 ipre

13 4643 19 4653 Ι
112 4571 224 4626 mum.
257 4571 297 4626 Sic
307 4581 372 4626 rou
382 4591 439 4642 erqo
450 4583 475 4626 tn
485 4577 584 4628 effectur
594 4591 647 4626 runr
658 4591 687 4626 er
696 4591 726 4626 eo
739 4575 788 4640 die,
803 4589 851 4640 quo
863 4588 954 4624 mocnm
971 4570 1061 4622 rubiirti
1076 4570 1211 4628 dircrimeu,
