3194 5312
164 513 236 592 ms]
577 457 835 565 mummius,
1197 517 1255 578 2⁶1

160 665 249 716 Restat
258 665 348 727 iisqne,
358 662 416 710 lalss
429 659 454 708 in
474 662 520 709 hoe
537 657 637 723 opinsri.
670 657 774 715 Quando
792 663 817 705 lc
833 655 1031 722 Tbrodornruqne
1047 675 1259 724 cognomannser·

162 761 268 811 sausque
276 746 299 792 in
308 759 373 794 ceres
386 743 426 790 illo
436 741 514 803 effigie
526 739 647 802 utriusque
658 737 744 801 figuras
754 738 826 800 longo
843 753 871 785 es
890 745 994 800 tempure
1006 747 1117 803 tunquam
1132 746 1256 796 nnnlornns

162 835 290 876 vestrorum
299 825 429 890 signacula,
439 837 517 887 neque
528 828 598 868 sossio
607 833 706 866 cernens
722 827 841 881 uirosque,
857 825 924 865 tenio
945 819 1062 882 proprium
1078 821 1199 887 utriusque
1209 827 1258 890 sig.

162 923 219 954 nnm
238 905 339 970 propria
349 903 435 952 risioni
446 901 597 950 attribuendo
608 899 661 962 ejus
680 897 857 946 accommodare
867 898 975 958 vestigio,
987 907 1015 946 nr
1031 901 1121 963 agnitio
1138 903 1205 962 fier:¹
1215 908 1258 956 scd
1269 899 1273 907 ’

163 987 253 1043 aberro.
264 994 289 1034 et
299 987 372 1034 instar
382 999 472 1038 eornm,
484 983 525 1045 qui
543 979 694 1030 commutaris
713 979 799 1026 calceis
817 986 904 1039 eruunt,
915 987 1043 1037 commuto,
1054 992 1079 1029 er
1089 984 1213 1048 utriusqus
1223 988 1259 1035 vi.

161 1066 251 1114 sionem
261 1067 292 1115 ad
305 1065 407 1114 alienum
419 1063 567 1110 simulacrum
578 1060 700 1114 annalem,
708 1071 734 1106 er
744 1058 826 1105 similia
838 1059 946 1121 quedem
957 1061 1034 1123 patior
1051 1061 1088 1118 iis,
1102 1078 1156 1126 qnsa
1166 1047 1259 1129 inape.

161 1147 221 1194 culis
229 1155 360 1194 transverso
374 1143 497 1202 resultant,
507 1157 561 1189 curn
580 1147 690 1202 sapecrns
709 1139 805 1185 dextera
822 1138 847 1184 in
865 1137 957 1185 sinistre
974 1149 1118 1190 commutate
1135 1151 1207 1203 alone
1225 1147 1259 1196 ira

162 1226 280 1290 decipior.
289 1225 440 1286 nasciturque
449 1222 527 1270 aliena
538 1220 620 1283 opinio
630 1228 656 1266 et
667 1218 702 1277 id,
719 1217 784 1280 qnod
804 1216 863 1264 false
880 1217 1086 1279 opinerirocsrur.
1117 1223 1182 1288 Tne.
1198 1226 1258 1286 Orn-

161 1304 228 1362 nlno‚
239 1319 254 1352 o
265 1305 383 1358 Socrstes,
394 1300 513 1365 opinionis
524 1298 602 1362 passio
612 1298 666 1346 ralia
676 1305 721 1352 ear,
728 1296 821 1360 qualern
831 1295 928 1356 mirifice
937 1297 1050 1359 figumsi.
1082 1301 1126 1350 80.
1143 1303 1260 1354 Pessum

161 1399 215 1432 cuns
227 1391 338 1446 uirosque
348 1395 494 1445 cognoscens
505 1395 577 1427 nnuru
589 1379 687 1441 iusuper
697 1377 783 1433 mulin.
794 1375 893 1424 alierum
908 1378 1017 1438 minime;
1034 1380 1194 1442 coguitionem
1204 1401 1259 1434 sero

160 1465 257 1514 alterius
267 1479 317 1511 non
328 1463 457 1512 mundum
474 1473 567 1507 sensnnr
587 1459 679 1506 lrslseo:
697 1457 762 1521 quod
778 1471 849 1518 snpra
859 1457 894 1504 irs
903 1455 962 1512 dini.
973 1472 1018 1506 nee
1030 1465 1054 1508 ru
1067 1475 1104 1508 me
1114 1461 1261 1522 intellexisti.

159 1544 229 1593 Τιι.
244 1543 302 1592 Nou
313 1551 385 1592 cerro.
417 1541 460 1588 80.
477 1539 530 1588 Hoc
542 1547 619 1587 tamen
630 1535 821 1600 dionemquod
832 1536 873 1600 qni
891 1537 998 1600 agnoscit
1012 1537 1258 1605 alierumatquesen.

161 1625 193 1672 tir
210 1631 236 1673 er
254 1619 416 1686 cognitionem
433 1621 562 1670 secundum
579 1635 673 1668 senanru
693 1618 767 1682 ipsius
787 1618 996 1682 hsber,nunqnsnr
1015 1621 1197 1686 puisbiripsnrn
1208 1641 1260 1676 esse

161 1704 238 1752 alium
248 1703 376 1767 quendam,
387 1715 457 1764 quem
473 1699 580 1762 agnoseit
595 1711 689 1762 quoque
706 1705 732 1744 et
746 1697 827 1752 sentit,
837 1697 934 1761 cujusve
951 1699 1110 1762 cognitionem
1127 1706 1259 1754 secundum

162 1799 258 1834 sensum
270 1783 349 1830 haber.
381 1780 540 1828 Eramehoel
573 1779 639 1828 Tun.
656 1778 741 1826 immo.
775 1777 819 1827 80.
834 1777 1017 1828 Prererm'ssaum
1028 1783 1203 1845 quodammodo
1211 1786 1259 1835 fuir

161 1865 227 1929 qnod
241 1863 311 1910 modo
321 1861 415 1922 dicitnr,
427 1875 481 1908 cum
492 1861 516 1906 in
529 1857 686 1930 superioribus
698 1871 851 1906 assereremus
868 1857 951 1906 lslssus
964 1859 1101 1922 opinionem
1112 1865 1258 1930 contingere,

163 1944 274 2010 quotiens
284 1941 399 2006 quispiam
418 1948 518 2003 ursaque
536 1955 636 1988 noscens
655 1937 824 1987 etridenssur
835 1936 884 1984 alio
894 1939 997 2001 quodam
1008 1955 1077 1988 sensu
1094 1943 1167 2007 [rm]
1185 1947 1259 2008 perri·

163 2023 231 2086 piens
248 2031 274 2071 er
293 2029 443 2084 utrorumque
461 2019 583 2080 sipuacnla
600 2027 692 2076 lenens,
712 2033 760 2066 non
778 2018 908 2067 secundum
929 2017 1004 2082 ipsius
1024 2021 1144 2084 proprium
1165 2039 1258 2074 sensum

163 2110 288 2166 nrrnrnqne
299 2101 378 2156 habel,
389 2115 468 2148 rerum
479 2099 553 2147 instar
563 2097 667 2162 imperiti
677 2097 791 2160 reginarii
801 2113 817 2145 a
832 2097 900 2162 signo
918 2101 1000 2163 procul
1019 2102 1119 2160 abes-rar,
1130 2105 1194 2168 quod
1205 2106 1260 2168 qni.

163 2183 218 2232 dem
229 2181 377 2232 mendacium
388 2189 550 2244 nuncupatum
561 2187 606 2228 ear.
639 2178 705 2226 Tne.
721 2177 878 2241 Necinjuria.
912 2180 955 2228 80.
972 2179 1259 2248 Erqsssudonoiqnidens

162 2263 335 2327 signaculorum
350 2263 418 2311 adest
426 2277 517 2318 sensus,
527 2260 593 2310 elteri
613 2259 724 2308 minime:
742 2259 807 2323 quud
818 2273 873 2307 reru
890 2259 993 2308 absentis
1003 2271 1137 2320 semmcsr,
1150 2267 1260 2326 prsasenri

162 2344 291 2393 adscribit:
308 2342 404 2390 omnino
423 2342 474 2390 lrrec
491 2340 604 2404 cugirsrio
623 2337 728 2388 fallitur:
745 2348 771 2388 er
789 2348 817 2386 nr
834 2339 967 2388 summatim
978 2341 1188 2400 dicans,ciroailla
1203 2361 1264 2408 quq·

162 2424 217 2488 quis
228 2437 348 2487 nunquam
359 2433 401 2470 aus
411 2422 478 2470 norit
488 2429 530 2468 sut
545 2420 627 2476 senair,
636 2421 687 2468 rsui
705 2420 827 2468 munirier
838 2427 864 2468 er
873 2419 955 2480 islarm
966 2421 1102 2484 opinionem
1112 2424 1198 2474 lrabere
1208 2441 1263 2476 non.

162 2511 253 2567 polest,
264 2502 352 2565 siquid
364 2501 467 2550 verinus
481 2515 546 2548 nnnc
557 2498 681 2562 loquimur.
715 2498 826 2548 Celerum
837 2499 862 2546 in
874 2501 960 2563 quibus
970 2502 1088 2552 noscimus
1098 2510 1123 2551 ei
1133 2506 1256 2566 sendum,

161 2584 189 2632 in
200 2581 300 2646 iisipsia
316 2581 399 2645 opinio
410 2579 510 2642 reravel
530 2579 717 2626 lalsaversalur:
735 2593 787 2641 quse
805 2593 858 2627 enm
876 2593 890 2626 e
906 2589 1034 2643 conspectu
1053 2582 1258 2646 directoquapiau

162 2660 391 2726 proprisslmulacrs
400 2659 513 2722 conducit
523 2659 663 2722 dpnrsrque,
675 2671 728 2706 rere
740 2665 790 2705 ear:
806 2673 860 2706 cnm
871 2673 925 2706 vero
937 2665 1065 2708 transverso
1075 2663 1258 2728 srqnenbliqno‚

162 2741 230 2790 mss.
262 2741 329 2788 Tua.
346 2738 434 2787 Nonne
445 2738 554 2801 preclare
564 2737 618 2794 ista,
629 2737 769 2792 08000000,
780 2737 846 2785 diois
859 2739 932 2786 suns?
965 2741 1008 2789 80.
1026 2739 1086 2790 Cum
1106 2742 1157 2791 laec
1175 2745 1257 2792 audie.

162 2821 204 2878 ris,
220 2821 283 2869 idern
306 2817 466 2867 vehementius
484 2831 581 2864 mrem.
597 2823 650 2864 rera'
667 2831 736 2880 porro
752 2816 845 2878 opinari
865 2819 987 2881 pulchrum
1005 2830 1049 2876 ear,
1069 2837 1132 2872 menr
1150 2824 1162 2871 'i
1178 2832 1256 2888 turpe.

163 2901 229 2950 Tae.
247 2899 357 2959 Quidni?
389 2900 430 2948 So.
447 2897 508 2945 Huc
523 2897 605 2960 urique
624 2897 680 2945 binc
702 2897 801 2944 nsaairnc
823 2898 871 2946 lieri
886 2900 994 2960 ¹lrsdunr.
1028 2901 1089 2950 Cum
1107 2903 1209 2968 slicujns
1230 2906 1255 2952 in

164 2981 244 3030 animo
254 2996 322 3029 ocrea
331 2979 419 3043 effigies
430 2978 470 3026 illa
481 2977 599 3041 pmlunds
609 2985 634 3025 et
645 2976 718 3025 mulla
730 2977 841 3042 lenisque
852 2988 878 3026 er
887 2981 1005 3030 modenule
1017 2981 1135 3032 elaborare
1145 2993 1191 3048 est,
1200 3001 1256 3050 quas

164 3077 208 3126 per
217 3077 297 3110 aenam
307 3059 418 3123 indnunr,
429 3059 453 3106 iu
465 3060 510 3108 hoc
522 3058 650 3121 insculpta,
662 3059 725 3122 qnod
738 3057 856 3108 Homerus
865 3061 949 3108 animae
960 3077 1000 3111 cor
1011 3063 1112 3119 vocavis.
1122 3080 1182 3114 cern
1194 3068 1257 3116 lssnc

164 3141 342 3192 similitudinem
352 3139 540 3202 subintelligens,
552 3145 636 3202 utpote
648 3155 706 3202 pura
716 3139 838 3201 signacula
848 3148 874 3187 er
883 3140 989 3190 lundirna
1000 3142 1136 3206 insidentia,
1146 3145 1258 3193 diuturna

165 3221 233 3270 irunt.
267 3220 303 3270 Ae
315 3221 390 3284 primo
402 3218 497 3283 quidem
508 3218 616 3266 homines
625 3218 657 3267 sic
668 3218 773 3267 ‘snsrimri
783 3220 875 3268 dociles
885 3228 940 3268 sunt
952 3228 977 3269 er
991 3224 1071 3270 acuti:
1088 3223 1175 3272 deinde
1185 3225 1257 3272 oriem

165 3317 296 3350 mensoresr
312 3309 431 3364 postremo
442 3313 551 3346 sensnum
563 3297 685 3346 simulacra
696 3313 744 3345 non
761 3307 921 3357 commursur5
938 3300 1002 3347 unde
1010 3316 1063 3348 vera
1081 3301 1189 3350 nimirum
1202 3305 1258 3366 opi·

164 3389 260 3432 nanim.
275 3395 328 3428 com
339 3379 402 3427 eninr
414 3376 535 3440 perlucide
552 3386 579 3424 er
595 3377 673 3440 ampla
694 3378 718 3424 iu
737 3376 832 3440 regione
849 3376 905 3432 sint,
915 3378 1025 3426 velociter
1042 3379 1186 3440 distribuunt
1199 3383 1260 3432 diri·

165 3465 276 3524 donique
292 3459 317 3506 iu
328 3457 445 3522 propriam
456 3457 556 3519 effigiem
575 3455 684 3519 singola:
701 3472 755 3520 qun
773 3456 869 3520 quidem
880 3455 1007 3506 existentis
1017 3473 1118 3522 veraque
1128 3470 1258 3514 secentur:

167 3542 260 3605 virique
271 3539 330 3587 reles
338 3538 457 3601 sepienres
467 3552 518 3584 ease
529 3536 648 3584 dicuntur.
665 3552 694 3585 sn
706 3551 755 3584 nun
773 3536 837 3584 idem
856 3535 897 3584 ribi
909 3537 1017 3585 ridetur?
1049 3537 1116 3589 Tne.
1134 3540 1221 3590 Mirum
1232 3543 1258 3592 in

165 3619 281 3670 modum?
314 3618 357 3668 80.
374 3616 477 3675 Quando
493 3616 563 3678 igitur
579 3615 678 3664 densum
694 3614 795 3678 alicujus
806 3622 900 3672 esrom.
911 3617 975 3680 quud
983 3617 1166 3680 sapientissimus
1182 3620 1259 3671 Poeta

166 3700 283 3757 laudavit,
293 3699 331 3748 rel
342 3713 396 3747 eum
408 3696 550 3745 iurulentum
561 3711 606 3744 nec
617 3713 646 3744 ex
656 3696 763 3746 deleesra
772 3711 836 3758 cers,
844 3696 880 3744 vel
892 3697 962 3745 molle
973 3697 1042 3747 ulmis
1051 3699 1088 3746 vcl
1099 3700 1182 3748 dnmm
1193 3717 1199 3748 r
1210 3716 1260 3750 nnn

168 3787 233 3831 recle
243 3780 374 3830 omn'unose
385 3779 464 3826 heber.
498 3777 561 3826 Nam
573 3775 650 3825 mollis
661 3777 759 3826 nimium
770 3763 824 3826 cera
834 3777 921 3826 celeres
931 3778 1027 3840 quidem
1037 3780 1067 3828 ad
1080 3780 1257 3843 percipiendum

166 3859 249 3918 efficii,
256 3861 297 3908 sed
304 3862 400 3910 cosdem
410 3859 537 3908 obliriosns
547 3875 553 3904 ε
571 3859 630 3906 dura
640 3873 695 3906 vero
705 3867 786 3907 contra
795 3857 836 3904 din
848 3873 969 3914 memores,
976 3859 1018 3906 sed
1028 3858 1123 3922 ineptos
1132 3859 1262 3924 tardosque,

166 3941 197 3990 sd
211 3940 386 4003 percipiendum
398 3957 404 3988 r
421 3939 496 4002 etqui
508 3941 605 3988 deornm
617 3947 642 3987 er
653 3951 757 4002 saperem
769 3938 934 4002 lapideumque
946 3938 981 3986 rel
997 3947 1093 3987 terream
1106 3939 1142 3988 rel
1153 3940 1258 3992 feculen-

166 4031 216 4069 sarrs
227 4019 324 4074 babent,
334 4019 431 4068 obscure
439 4018 559 4068 simulacre
569 4018 710 4066 courinonrr
727 4019 824 4066 obscum
836 4031 932 4082 quoque
942 4019 985 4082 qui
995 4019 1077 4068 duram
1086 4036 1094 4078 ;
1111 4020 1260 4082 profundius

165 4099 260 4164 quippe
272 4111 321 4146 uon
330 4099 414 4146 adest:
432 4100 531 4146 obscura
541 4105 653 4161 preterea
661 4099 704 4162 qui
715 4099 855 4148 molliorem.
873 4113 926 4148 narn
937 4114 966 4146 er
976 4099 1115 4148 coulnaioue
1132 4099 1205 4164 [195]
1222 4102 1259 4150 ra-

166 4179 214 4230 cr'le
224 4184 376 4227 evanescunt·
392 4179 456 4242 quod
467 4178 487 4226 si
498 4187 581 4242 prurer
600 4180 651 4228 hnc
670 4178 770 4230 innioem
786 4194 882 4243 qnoque
893 4187 1005 4242 congesta
1014 4179 1062 4227 airrr
1071 4181 1102 4228 ob
1113 4181 1176 4228 aedis
1185 4181 1261 4245 ipsius

165 4258 341 4324 angmentum}
358 4256 452 4321 quidem
471 4257 556 4322 erigus
574 4260 605 4306 sit
621 4258 733 4318 animula,
745 4258 878 4308 obscuriora
894 4273 987 4322 quoque
999 4257 1050 4306 ¹illis
1061 4260 1182 4310 sinisera
1192 4261 1260 4314 usar.

167 4339 284 4390 Homines
292 4353 349 4402 ergo
360 4336 494 4401 hujusmodi
512 4353 602 4396 omnes,
622 4338 704 4403 quales
713 4339 887 4402 descripsimus,
898 4340 928 4386 ad
941 4339 1076 4401 opinionem
1092 4340 1174 4392 lslaam
1188 4344 1261 4408 pruni

165 4420 305 4482 reddnnrpr.
336 4417 399 4467 Nam
411 4433 464 4468 cum
475 4419 533 4482 quid
545 4420 627 4470 vident
637 4427 679 4468 sut
694 4419 796 4469 audiunt
806 4427 849 4468 aur
865 4418 982 4483 copiunt,
991 4420 1048 4483 quia
1057 4421 1149 4486 singula
1158 4424 1261 4489 singulis

165 4517 220 4552 roos
232 4500 329 4550 reddere
339 4508 468 4564 nequeunt,
477 4500 538 4550 sardi
548 4509 603 4552 mur
615 4501 859 4566 praevmicsnrurquos
878 4515 932 4550 nam
949 4517 1054 4566 perverso
1066 4503 1145 4568 ridenr
1157 4505 1258 4570 prusias
