3138 5300
128 533 204 614 ιιι]
567 526 791 592 nuncnune.
1139 567 1141 572 ,
1168 537 1227 596 ooo

128 687 254 754 qnoddbrt
273 697 359 735 nomen
375 683 462 749 eoique
481 683 515 733 rei
535 683 695 749 unnsquisque
714 683 833 733 tribueret
866 683 961 734 Herm.
978 683 1042 735 Vere
1063 700 1150 738 nemer.
1182 691 1226 740 So.

128 771 193 820 Vere
211 771 289 834 piene.
307 766 348 816 red
365 765 428 815 enim
447 765 632 814 mediocritntem
650 765 768 830 quendem
787 772 859 830 etque
877 765 988 815 decorum
1008 781 1099 816 eernere
1115 777 1140 816 te
1157 771 1229 822 dccet

129 849 252 914 precidem
271 845 411 912 replentem.
444 845 578 893 Heremo
603 844 702 896 utinum.
734 847 777 896 So.
794 845 869 910 niqui
891 853 917 894 et
938 846 999 910 ipre,
1018 863 1033 894 o
1055 846 1227 913 Hermogenen,

129 937 196 994 opto.
214 943 293 978 verum
305 943 336 976 ne
346 932 430 976 erecte
440 925 538 974 nimium
550 925 946 990 dieeureione,ririeiir‚erqnirne‚
964 926 1038 992 [tto]
1056 931 1086 976 rie
1095 927 1142 978 vim
1151 945 1228 978 meum
1304 955 1316 976 ·

129 1025 222 1075 prorius
233 1008 363 1058 erinenrier.
391 1006 524 1056 decendero
536 1006 628 1071 quippe
638 1007 669 1054 ed
679 1021 748 1070 eupm
756 1007 872 1057 diotomm
880 1009 984 1072 epicem,
995 1015 1118 1072 postquem
1129 1016 1184 1072 poet
1192 1025 1228 1058 er-

128 1099 176 1142 tem
185 1089 407 1142 coneiderererimur
416 1089 562 1144 mechenem,
572 1086 597 1135 id
606 1093 642 1136 ert
652 1087 849 1136 machinationem
856 1089 1101 1153 excogitntionemqoe
1109 1090 1227 1140 nolentem.

127 1173 222 1222 ridetur
232 1179 311 1220 eutem
323 1169 454 1235 rigniticnre
464 1169 527 1217 idem
538 1169 605 1233 quod
622 1167 721 1216 muitum
737 1169 868 1232 pertingere
884 1177 910 1218 et
927 1171 1061 1218 escendere.
1077 1172 1229 1236 componitur

128 1267 184 1316 ergo
195 1267 225 1301 ex
236 1252 273 1299 hie
282 1251 386 1315 dnobor‚
396 1250 503 1306 meohue,
512 1249 539 1297 id
550 1257 587 1297 eet
598 1249 669 1312 longe
679 1257 705 1297 et
715 1249 824 1306 muitum,
834 1257 859 1297 et
869 1249 936 1305 eniti,
948 1250 971 1297 id
989 1257 1025 1298 ert
1039 1253 1174 1315 escendere,
1185 1269 1228 1317 pn-

127 1339 230 1391 netrere,
242 1332 383 1396 pertingere.
415 1330 473 1386 Sed.
489 1336 517 1378 ut
533 1331 604 1379 modo
619 1329 738 1387 dicebnm,
749 1329 780 1378 ed
792 1344 906 1377 nummum
917 1329 1033 1378 dictorum
1044 1333 1228 1394 perveniendum

128 1421 182 1463 erte
200 1413 410 1478 querendnmque,
420 1411 479 1475 qnid
490 1411 586 1459 nornine
597 1411 641 1458 inte
660 1411 803 1474 eigniiicent
820 1416 893 1467 erote,
903 1409 927 1457 id
941 1416 978 1458 eet
987 1411 1069 1473 virtue,
1079 1419 1105 1460 et
1117 1413 1191 1471 occia,
1202 1415 1229 1462 id

127 1499 166 1542 eet
175 1493 288 1558 pruritur.
321 1492 427 1540 Aiternm
439 1491 536 1555 quidem
552 1491 658 1540 nonduin
675 1491 781 1554 reperio:
798 1490 897 1539 nitemm
911 1499 994 1555 petere
1004 1492 1104 1542 ridetur.
1122 1507 1177 1541 nem
1188 1511 1227 1542 en-

127 1572 260 1636 perioribor
270 1571 378 1620 omnibus
388 1579 511 1620 cooronet.
528 1585 614 1636 nempe
631 1579 743 1634 tunqunm
758 1579 815 1619 etot
829 1571 918 1630 omuie,
934 1586 1003 1621 oeoor
1019 1572 1072 1634 ion,
1084 1573 1108 1622 id
1119 1582 1156 1622 ert
1166 1575 1228 1624 mele

128 1651 315 1710 eedeneceein,
326 1651 350 1699 id
361 1657 399 1700 eet
410 1651 512 1715 pruritur
529 1653 581 1699 erit.
598 1665 671 1715 quere
687 1665 740 1700 cum
756 1651 835 1700 enimn
854 1653 916 1700 mnie
934 1653 965 1700 ed
981 1667 1018 1701 rer
1035 1654 1101 1718 ipone
1119 1656 1227 1715 recedet,

127 1731 286 1782 communiter
295 1745 368 1795 prere
378 1731 479 1782 dicetur.
495 1729 655 1794 propriorem
666 1745 695 1778 no
704 1731 804 1779 menime
821 1733 964 1794 procedendi
982 1735 1033 1782 hec
1044 1734 1144 1784 incultee
1154 1736 1180 1784 in
1191 1735 1229 1785 di·

128 1815 170 1870 lie,
192 1813 219 1862 id
242 1819 279 1860 ert
297 1810 424 1859 timiditetc
446 1814 521 1874 ponet.
537 1824 608 1874 quem
623 1811 729 1858 nondum
744 1811 933 1874 deciemrimue3
950 1815 1138 1877 pretermisimus
1155 1816 1228 1866 euim.

128 1896 256 1959 oportebet
271 1899 349 1942 entem
367 1890 482 1940 continuo
502 1897 557 1954 poet
579 1889 741 1939 fortitudinem
758 1892 835 1955 iprum
855 1892 951 1944 inierre.
968 1894 1043 1942 multe
1061 1896 1158 1959 insuper
1181 1897 1228 1946 niin

129 1968 260 2040 pieterirre
279 1973 394 2022 ridemur.
409 1971 468 2021 diiiu
485 1971 603 2036 significet
625 1972 710 2020 durum
733 1971 817 2020 enime
833 1971 963 2022 riuoniurn.
981 1974 1073 2024 deemoe
1093 1978 1157 2026 enim
1176 1978 1227 2026 rin·

128 2056 209 2106 cuium
227 2061 272 2104 eut.
288 2053 337 2102 lien
358 2068 413 2102 rero
431 2051 492 2102 torre
511 2052 625 2116 qniddnm
643 2052 776 2115 durumque
794 2051 920 2116 eigniiicnt.
936 2067 1008 2116 quere
1026 2054 1139 2104 timiditnn
1157 2059 1227 2107 rehe-

128 2150 195 2184 mene
206 2149 234 2184 ee
244 2133 371 2182 monimum
389 2141 426 2182 ert
442 2132 529 2181 enimn
538 2131 674 2181 vinculum:
692 2131 892 2196 quemedrcodnm
909 2138 934 2180 et
949 2132 1038 2196 epodo.
1049 2133 1075 2180 id
1092 2141 1129 2182 ert
1147 2135 1228 2184 deiec-

128 2223 175 2273 tnn,
186 2215 277 2278 inopie,
288 2215 395 2275 dubium,
406 2213 493 2262 mnium
504 2213 618 2277 quiddam
629 2219 676 2270 ert,
693 2227 720 2262 rc
731 2214 863 2260 eummntim
873 2213 1032 2278 quodcunque
1043 2229 1177 2278 progreeeoe
1186 2217 1227 2280 ip·

128 2295 177 2344 eine
187 2295 398 2359 impedimentum:
415 2295 487 2361 idque
506 2294 568 2343 rotie
584 2309 636 2344 eene
646 2294 740 2342 ridetur
755 2295 888 2353 oriendere,
897 2294 921 2342 in
936 2295 989 2358 ipre
1001 2294 1111 2344 videlicet
1122 2295 1227 2345 motione

128 2375 238 2440 impediri
248 2383 320 2440 etque
331 2376 439 2426 detineri.
455 2375 520 2439 quod
531 2391 584 2424 cnm
596 2375 675 2424 enimn
690 2375 763 2436 nubit,
775 2374 889 2438 proritete
906 2375 977 2439 piene
993 2376 1087 2424 dicitur.
1120 2376 1192 2433 Quod
1203 2377 1225 2426 ei

126 2457 185 2505 iiind
198 2458 319 2521 preritntie
330 2471 416 2504 nomen
427 2457 513 2505 teiibur
522 2457 662 2520 qnibuednm
673 2456 796 2519 competit,
808 2457 949 2504 eontmrium
966 2457 1048 2521 opert.
1060 2457 1084 2508 id
1094 2465 1131 2507 eet
1143 2459 1223 2517 rirtoe,

127 2538 279 2603 rignidcebit.
293 2537 319 2583 in
337 2535 418 2600 primic
427 2536 523 2599 quidem
533 2536 669 2584 inunitatem
678 2536 810 2598 egilemque
822 2529 977 2600 propriorum,
987 2521 1075 2586 deinde
1085 2538 1188 2587 eoiutum
1199 2547 1224 2586 et

126 2620 265 2683 expeditum
275 2618 360 2665 enimn
371 2617 439 2663 bone
450 2615 563 2679 impetum
574 2631 624 2664 enen
636 2623 740 2678 oportet.
771 2616 929 2672 Quamobrem
945 2617 1034 2680 ubsque
1053 2618 1223 2682 impedimento

127 2699 300 2762 obetecnioqon
317 2697 340 2745 ni
357 2697 438 2754 theon,
449 2697 473 2745 id
490 2705 527 2744 ert
544 2711 636 2760 temper
650 2697 734 2752 fluens,
743 2694 797 2758 jure
815 2697 974 2760 cognomineri
985 2704 1064 2761 ponent
1074 2699 1149 2750 eirite.
1166 2698 1226 2747 inrte

130 2795 185 2828 nero
195 2787 223 2827 et
233 2779 336 2836 hermen
346 2785 416 2826 vocet
425 2777 488 2841 quie,
499 2777 556 2841 quin
571 2777 602 2825 eit
614 2777 706 2825 hebitne
716 2777 762 2824 inte
775 2777 931 2832 heretotntor,
942 2777 966 2825 id
977 2784 1014 2826 cet
1025 2778 1124 2829 menime
1135 2779 1226 2844 eligen-

129 2860 181 2910 dnn.
199 2874 280 2908 rernm
291 2858 387 2908 concino
401 2858 517 2906 vooebuio
537 2865 600 2906 erete
617 2857 792 2906 denominetur.
824 2855 932 2905 Foreiten
943 2872 980 2906 rue
992 2857 1078 2922 ingere
1088 2861 1163 2918 dicen.
1180 2875 1226 2924 ego

128 2947 205 2988 eutem
216 2955 305 2999 ensem,
314 2939 334 2986 ei
345 2939 416 2987 modo
424 2953 511 2986 nornen
523 2938 582 2986 iiind
593 2937 725 3002 pravitatis,
736 2937 800 3001 qnod
812 2937 891 2994 tetuli,
901 2945 964 2986 recte
974 2947 1010 2988 ert
1020 2939 1153 2998 inductum,
1161 2949 1229 2990 recte.

128 3035 223 3085 quoque
233 3027 260 3069 ct
270 3020 332 3067 ietud
345 3019 437 3066 rirtntie
448 3033 533 3067 nomen
542 3019 632 3067 induci.
665 3017 757 3068 Hunni.
776 3016 812 3066 At
822 3031 904 3073 emon,
915 3017 939 3066 id
951 3027 987 3067 ert
1003 3020 1099 3078 mnium,
1110 3035 1151 3085 per
1161 3023 1227 3086 qnod

129 3103 202 3168 [did]
218 3098 719 3165 inenperioribuemuitedirieti,quideibi
731 3098 799 3147 enit?
832 3099 875 3146 So.
891 3098 1035 3148 Ertrnnenm
1050 3101 1164 3165 qniddnm
1184 3115 1227 3165 pet

128 3183 221 3242 dorem,
231 3197 261 3232 ec
271 3181 368 3230 inventu
378 3180 482 3229 difficile·
498 3179 579 3243 iteqoe
597 3179 627 3227 ed
639 3180 685 3227 hoe
695 3179 766 3227 etiem
777 3178 992 3227 mechinurueotnm
1002 3179 1061 3228 iliud
1072 3181 1180 3244 superine
1191 3181 1228 3229 ei·

128 3263 208 3312 ierem.
242 3262 335 3312 Hunni.
352 3261 418 3320 Quid
432 3260 515 3308 irtud?
531 3261 575 3309 So.
591 3259 743 3306 Bnrbericnm
754 3259 867 3321 quiddem
878 3265 903 3306 et
912 3260 958 3307 hoo
968 3274 1020 3307 cere
1030 3259 1117 3308 dicem.
1134 3259 1228 3312 Hunni.-

130 3343 206 3392 Probe
214 3343 281 3408 ioqui
290 3343 383 3391 viderie.
414 3341 456 3390 So.
474 3340 584 3389 Ceterum
596 3341 646 3388 hec
654 3338 714 3403 jem,
723 3338 743 3385 ei
755 3337 844 3400 piacet,
855 3337 991 3386 mittemoer
1009 3338 1171 3388 nominavero
1183 3339 1227 3390 ietn

130 3423 199 3472 celon
209 3435 235 3473 ct
246 3425 361 3480 erehron,
371 3423 398 3471 id
408 3429 446 3471 eet
456 3421 579 3486 pulchrum
597 3427 623 3468 et
639 3427 716 3484 torpe.
727 3417 911 3468 consideremus.
944 3417 1009 3474 Quid
1020 3420 1125 3468 embron
1137 3419 1231 3479 innuet,

130 3503 185 3552 rotie
196 3504 253 3554 mihi
266 3511 345 3567 petere
356 3503 457 3552 ridetur.
474 3515 560 3566 nempe
567 3515 622 3550 oum
632 3497 791 3564 inpetieribne
801 3497 920 3548 convenit.
953 3497 1056 3547 Videtur
1071 3499 1113 3563 qui
1132 3501 1229 3552 nomine

130 3585 220 3642 etetnit,
232 3583 318 3649 purim
328 3583 465 3648 egitntionir
483 3581 679 3646 impedimentum
697 3580 841 3644 vituperem.
859 3586 885 3626 ot
895 3593 961 3642 eece,
972 3579 995 3626 ei
1005 3579 1106 3628 iechomi
1117 3581 1188 3639 rhun,
1201 3582 1229 3632 id

129 3671 268 3731 entremper
284 3663 423 3728 impedienti
441 3663 539 3720 durum,
555 3677 642 3711 nomen
658 3661 727 3711 dedit
746 3661 886 3712 rirohorom.
901 3674 965 3708 nuno
975 3673 1030 3708 nero
1047 3661 1228 3726 pcmtrinpentcn

130 3747 234 3794 eechron
246 3745 377 3810 eppeiient.
411 3743 503 3794 Herm.
521 3744 587 3803 Quid
596 3742 675 3803 orion,
686 3743 710 3791 id
727 3749 764 3791 ert
775 3740 915 3806 pulchrum?
947 3740 991 3789 So.
1007 3740 1061 3790 Hoc
1071 3741 1168 3804 cognitu
1180 3741 1228 3790 dii·

131 3825 228 3876 dciiinr:
246 3841 381 3892 quenqnem
389 3826 466 3890 ipsum
478 3825 511 3873 ite
521 3825 656 3882 deducitur,
668 3831 695 3873 nt
710 3823 838 3872 hermonien
849 3823 964 3870 dunteret
973 3829 998 3870 et
1009 3820 1164 3885 longitudinir
1174 3837 1227 3886 gre.

130 3907 164 3955 tin
174 3910 251 3971 ipen·
265 3907 321 3955 neit
330 3908 481 3970 productum.
516 3905 608 3954 Heron.
624 3906 680 3963 Quo
697 3905 788 3969 pecto?
821 3905 865 3952 So.
881 3903 977 3952 Nomen
996 3901 1058 3950 ietnd
1076 3901 1229 3964 cogitationis

129 3993 311 4051 cognomentum
322 3988 434 4050 quiddam
444 4001 496 4036 enee
506 3987 606 4036 ridetur.
639 3987 732 4036 chn.
749 3985 798 4044 Qui
816 3985 878 4034 ietnd
896 3984 949 4032 nini
983 3982 1027 4031 So.
1043 3982 1121 4039 Qonm
1133 3989 1159 4029 tn
1170 3995 1228 4030 teu·

130 4082 178 4114 rem
191 4065 356 4130 eppeiietionie
367 4067 401 4114 rei
412 4066 528 4130 cnjneqoe
538 4067 638 4118 muneri
654 4081 684 4114 en
696 4067 813 4129 nonqnod
822 4065 919 4114 nomine
926 4062 1025 4112 tribuit?
1057 4061 1151 4112 Heron.
1167 4062 1228 4110 Our-

129 4146 195 4194 nino.
228 4145 271 4193 So.
287 4143 457 4192 Nonnecnuen
468 4145 518 4193 ineo
529 4146 642 4208 cogitetio
651 4155 696 4203 eet,
708 4146 746 4194 rel
757 4146 854 4194 deomm
866 4143 903 4193 rei
914 4144 1033 4192 hominum
1043 4142 1079 4191 rei
1088 4143 1207 4190 embomm
1217 4143 1227 4190 i

131 4225 223 4273 Hrnn.
239 4223 343 4287 Nempe.
376 4225 419 4274 So.
436 4224 498 4288 Ergo
508 4225 614 4284 orionem
628 4226 653 4273 id
673 4234 709 4274 ert
725 4227 790 4288 quod
801 4232 871 4274 nocet
881 4239 926 4282 ree,
937 4231 962 4272 et
972 4223 1041 4272 celon
1051 4223 1114 4271 idern
1125 4237 1153 4271 ec
1163 4221 1229 4286 eogi-

130 4306 190 4355 tntio
200 4314 264 4354 nont.
297 4305 391 4354 Ηιιιιι.
407 4304 525 4369 Apperet.
558 4305 602 4354 So.
620 4303 776 4369 Quocunque
788 4321 854 4354 mern
861 4313 885 4354 et
891 4304 1004 4368 cogitetio
1015 4311 1098 4367 egunt,
1110 4303 1229 4352 ieudeude

131 4397 202 4435 erut:
221 4400 276 4450 que
289 4401 348 4444 non,
359 4385 523 4450 ritopemnde.
556 4385 649 4433 Hnnrr.
665 4385 771 4436 Pronior.
804 4385 849 4435 So.
866 4385 938 4442 Quod
959 4384 1082 4434 medicine
1100 4385 1227 4450 pertioepr,

132 4467 254 4518 medicine
264 4483 336 4534 opere
346 4467 435 4518 efficit:
453 4468 517 4532 qnod
537 4467 626 4516 {ebriiie
643 4466 708 4524 ertio,
719 4466 820 4516 inbrssie.
836 4475 862 4513 tu
872 4479 927 4514 nero
945 4464 1001 4529 quid
1014 4463 1103 4516 sentiri
1135 4465 1228 4516 Ηιιιιι.

131 4545 217 4602 Idem.
240 4551 285 4604 80.
300 4549 427 4604 Pulchrum
440 4551 527 4616 itnque
545 4548 660 4615 pulchre?
694 4548 785 4598 Here.
802 4547 890 4599 Decet.
907 4589 909 4594 .
924 4545 967 4597 So.
986 4545 1029 4597 Eut
1046 4553 1125 4598 entem
1135 4546 1190 4606 hoc,
1201 4554 1230 4596 ut
