3174 5322
349 489 386 554 rt
794 481 994 548 rrrrortrs
1364 493 1439 572 [tre

343 649 417 699 ditate
426 654 498 712 atque
506 643 599 710 ignaria
609 641 762 692 eonatitrrtum
770 641 876 691 ordlnem
886 641 1038 693 deaernerlnt.
1061 641 1198 706 Roraurqne
1209 641 1317 692 nolente
1326 647 1441 696 accedere

343 743 440 793 cogeea,
451 727 489 775 ria
500 725 595 774 tandem
606 721 781 779 conoearitlllia,
791 721 878 772 differri
888 723 913 771 ln
924 730 1042 788 porterum
1053 722 1211 772 eaorantibua.
1221 723 1351 774 acoerlente
1362 733 1441 775 antem

343 815 430 858 atatuto
442 797 556 868 tempore,
567 803 635 868 enjua
646 819 696 852 ease
707 803 852 852 lmmernorea
870 801 905 850 illl
922 803 1018 866 quidem
1032 803 1150 861 rimulam,
1166 803 1205 851 laio
1217 819 1270 852 tero
1280 804 1327 852 illia
1337 820 1441 856 comme·

343 896 428 950 morat,
443 887 467 934 vi
483 886 559 948 illata,
576 884 692 940 hinnient,
703 883 853 947 nahenaque,
862 882 984 948 compellit
992 883 1077 932 iterum
1087 883 1169 932 iiadem
1180 884 1256 932 rerbia
1265 891 1356 934 amatos
1366 885 1442 935 affari.

344 969 472 1032 Poatquam
488 981 543 1014 vero
562 979 637 1028 prope
652 970 806 1020 accerserunt,
825 962 924 1014 inflexus
940 963 1122 1029 inclinaturque,
1140 973 1236 1012 extenta
1252 965 1338 1028 eaurla,
1348 965 1440 1014 frenum

344 1049 443 1104 mordet,
453 1053 479 1094 et
489 1043 689 1108 impudentieriure
699 1042 770 1106 rapit.
802 1043 850 1091 Sed
866 1043 958 1106 arrigo,
974 1043 1048 1092 multo
1059 1045 1132 1108 magia
1142 1045 1224 1092 eadem
1236 1060 1328 1108 parent,
1339 1053 1365 1094 et
1375 1045 1443 1110 quari

344 1129 374 1176 de
391 1127 489 1174 termino
507 1126 604 1173 flectent
621 1125 754 1188 resupinua,
768 1124 872 1174 habenae
888 1123 960 1188 longe
975 1125 1136 1176 vehementior
1153 1125 1231 1182 trahit,
1247 1131 1272 1172 et
1288 1127 1371 1174 daater
1386 1124 1443 1190 equi

343 1207 453 1271 flagitiosi
468 1205 580 1268 reprimit,
596 1209 667 1267 atque
683 1200 797 1266 impuram
814 1203 926 1268 lingnam,
942 1203 1094 1267 maxillaeque
1105 1212 1239 1268 cruentans,
1250 1219 1315 1252 crura
1325 1213 1442 1270 uatesque

343 1287 409 1334 humi
419 1287 511 1350 defigit,
521 1299 549 1334 ec
560 1298 640 1347 poenaa
652 1282 707 1330 dare
717 1283 848 1348 compellit.
881 1282 984 1339 Quando
1002 1299 1056 1331 vero
1073 1283 1135 1331 idem
1146 1298 1210 1348 anpe
1221 1299 1305 1348 prarua
1316 1300 1392 1349 eqnna
1402 1285 1442 1334 ille

343 1381 465 1430 perperene
475 1363 581 1411 laaeivire
592 1359 691 1417 deatitit‚
702 1361 874 1410 mananelaotua
881 1361 933 1424 jam
943 1361 1029 1424 aurique
1039 1363 1186 1426 obtemperat
1195 1363 1358 1426 providentie,
1369 1373 1441 1430 atque

342 1446 421 1502 etiarn,
440 1459 494 1493 cnm
510 1442 576 1490 videt
594 1441 727 1504 pulohmm,
745 1439 870 1488 tormidine
881 1440 1047 1496 contremiscit,
1058 1439 1118 1488 adeo
1128 1449 1156 1488 nt
1165 1443 1308 1506 quandoque
1318 1445 1442 1510 contingat

343 1523 451 1573 amatoria
467 1522 569 1570 animam
584 1519 635 1583 jam
650 1535 704 1568 eum
714 1519 843 1568 reverentia
852 1519 955 1583 quadam
964 1528 990 1568 et
1000 1527 1063 1569 metu
1074 1521 1250 1572 adoleeoentnm
1258 1523 1443 1590 reatiglaaeqni.

345 1605 419 1668 [2⁵⁵]
440 1610 524 1668 utpote
543 1601 614 1665 igitur
630 1600 695 1648 omni
711 1599 785 1657 oultn,
802 1605 914 1664 tanquam
930 1599 985 1650 Deo
1001 1599 1098 1665 equalis
1108 1600 1255 1659 adoleaoena,
1267 1604 1441 1655 obaerratuaalt

346 1691 458 1740 amatore,
474 1681 537 1730 haud
555 1681 651 1746 quidem
670 1679 805 1742 emulano,
820 1681 861 1728 aed
878 1695 958 1728 revera
974 1681 1009 1730 tio
1026 1681 1121 1744 all'ecto,
1137 1681 1264 1746 preaertim
1278 1699 1333 1732 cnm
1348 1691 1374 1732 et
1390 1685 1442 1750 ipae

345 1765 471 1812 honoratur
481 1769 565 1810 natura
574 1760 674 1809 colentia
690 1760 720 1808 ait
735 1759 835 1825 aniona,
843 1759 869 1808 in
880 1759 944 1809 idern
955 1769 1072 1824 postremo
1082 1775 1136 1810 cunr
1147 1769 1250 1811 amatore
1260 1763 1379 1828 oonaplrat
1389 1783 1396 1815 ε
1413 1781 1441 1816 ao

345 1843 436 1893 etiamal
447 1840 700 1890 anteaalmiliaribna
710 1833 758 1887 auia
771 1839 985 1906 condircipnllaqne
1001 1849 1026 1890 et
1041 1841 1094 1890 aliia
1112 1855 1154 1904 per
1170 1842 1309 1892 calumniam
1326 1845 1442 1912 deceptua

345 1924 423 1982 luerit,
444 1920 585 1978 dicentibus,
603 1927 671 1984 turpe
689 1935 742 1968 erae
760 1921 849 1970 amanti
866 1923 961 1979 herere,
972 1922 1074 1986 ideoque
1082 1931 1198 1972 amntem
1209 1922 1325 1986 rejeoerit;
1343 1926 1443 1974 tandem

345 2020 400 2053 aero
417 2001 561 2067 procedente
583 2007 688 2065 tempore
709 2007 774 2058 ntea,
791 2009 816 2050 et
837 2009 925 2050 nature
941 2002 1035 2050 debitur
1051 2003 1109 2050 ordo
1129 2019 1184 2052 enm
1204 2002 1229 2051 in
1246 2005 1443 2055 mmuetudinem

345 2084 443 2134 amantia
457 2082 581 2130 inducunt.
598 2095 719 2143 nunquam
738 2080 800 2130 enlm
816 2079 865 2129 lato
883 2083 1003 2130 decretum
1013 2088 1058 2140 eat,
1069 2083 1106 2130 rel
1116 2083 1203 2132 rnalnrn
1213 2083 1310 2132 amioum
1321 2085 1393 2151 malo,
1404 2087 1443 2134 vel

344 2165 433 2214 bonum
442 2164 506 2211 bono
517 2177 565 2210 non
582 2161 682 2209 amicum
699 2175 758 2211 erae.
791 2160 853 2224 Ergo
874 2176 928 2210 curn
947 2161 1083 2211 adoleaoena
1097 2163 1215 2229 colloquio
1231 2171 1256 2213 et
1271 2167 1443 2214 oonanetudiue

345 2243 458 2308 receperit
467 2249 602 2296 amatorem.
612 2246 670 2286 tuno
678 2239 777 2286 amantio
787 2238 850 2286 illiue
861 2239 1026 2290 benevolentia
1033 2241 1083 2305 jarn
1094 2243 1156 2291 iacta
1167 2244 1327 2309 propinquior,
1338 2255 1442 2295 amatum

344 2327 422 2390 ipsum
440 2320 547 2369 admirari
566 2317 697 2382 compellit,
714 2318 945 2378 animadvertentem,
962 2324 1143 2371 neoeaaariorum
1153 2323 1327 2390 amioommqne
1337 2327 1441 2374 omnium

345 2403 444 2452 allorum
458 2397 657 2461 benevolentiam,
673 2396 692 2444 ai
710 2413 764 2447 euru
780 2398 856 2446 amico
873 2399 986 2448 dirinltna
996 2401 1074 2450 alllato
1085 2402 1225 2461 conferatur,
1235 2405 1322 2454 nullius
1332 2405 1381 2454 lore
1392 2421 1443 2454 mo·-

346 2481 466 2531 mentiar
477 2479 497 2527 ai
508 2477 584 2526 aenior
594 2476 634 2524 illa
649 2477 690 2526 diu
702 2477 735 2525 rio
747 2485 837 2542 pergat,
848 2479 991 2544 harumque,
1002 2482 1060 2530 etin
1069 2482 1196 2546 gymnuiia
1206 2485 1317 2535 oeteriare
1327 2485 1442 2535 aimilibua

344 2569 435 2625 tangat,
445 2567 502 2608 tnnc
509 2558 560 2622 jarn
567 2558 643 2606 fluxus
651 2558 793 2623 liquorieque
802 2559 867 2607 illiue
877 2560 938 2617 lone',
949 2574 1019 2625 quern
1028 2561 1142 2620 himeron.
1152 2563 1178 2612 id
1186 2571 1230 2621 eat,
1241 2565 1394 2630 cupidineuru
1404 2569 1442 2615 in·

345 2643 443 2699 iluxurn,
453 2639 564 2704 luppiter
572 2637 719 2703 Ganymedis
728 2645 894 2702 amoreoaptnr
902 2639 1052 2703 vocarit,an
1058 2641 1082 2687 in
1091 2649 1206 2689 amantem
1214 2643 1271 2692 nber
1281 2644 1382 2704 influxit,
1390 2663 1443 2712 pu.

344 2721 386 2769 tim
397 2721 422 2770 in
431 2721 508 2786 iprum
515 2719 605 2767 intorno
612 2725 656 2776 eat,
663 2719 747 2782 partim
758 2725 832 2780 extra,
838 2720 889 2781 ipro
898 2719 1049 2776 exuberante,
1060 2719 1195 2768 effunditur.
1207 2728 1278 2785 atque
1290 2731 1317 2770 ut
1324 2723 1409 2774 damen
1418 2735 1443 2778 et

345 2801 412 2849 Eeho
420 2815 434 2848 a
442 2799 532 2847 levibus
539 2798 666 2860 aolidlaque
674 2796 766 2860 repulaa
774 2797 919 2860 oorporibna,
927 2799 1019 2856 eodem.
1027 2797 1219 2859 undejreneritnt
1228 2801 1310 2851 iterum
1318 2803 1444 2854 reflectun-

346 2885 383 2926 tur
392 2893 400 2928 t
417 2877 451 2926 ita
461 2877 640 2942 pulchritudinia
650 2876 689 2924 llle
701 2877 785 2941 liquor,
795 2891 872 2925 rurant
882 2878 908 2924 in
917 2877 1040 2941 pulchrum
1048 2895 1091 2944 per
1100 2879 1181 2928 oenlor
1191 2880 1300 2945 rellnenr,
1311 2896 1358 2947 qua
1369 2901 1443 2949 pene-

346 2963 405 3006 trare
412 2957 437 3004 ln
447 2956 548 3004 animaru
558 2956 688 3012 consuevit,
699 2956 759 3003 adeo
770 2969 898 3019 pennarum
909 2963 1000 3004 meatna
1010 2957 1098 3022 irrigat,
1107 2965 1133 3005 ut
1149 2965 1174 3006 et
1189 2959 1281 3022 poaaint
1286 2961 1338 3024 jam
1348 2971 1373 3011 et
1383 2964 1444 3014 inci·

345 3035 412 3100 piant
420 3035 551 3100 pullulare:
564 3034 676 3098 etqneita
685 3033 755 3082 amati
762 3033 864 3082 animum
873 3043 954 3083 mutuo
962 3035 1138 3099 impletamore.
1149 3037 1306 3103 amatigitur:
1318 3042 1375 3105 quid
1387 3059 1443 3093 vero

346 3115 438 3180 diligat,
450 3114 563 3179 ambigit:
580 3114 738 3178 affectumque
756 3129 824 3162 annm
844 3129 888 3164 neo
903 3117 981 3179 norit,
991 3131 1036 3166 nec
1047 3117 1126 3181 eloqui
1138 3125 1233 3181 potent:
1251 3121 1291 3168 aed
1303 3121 1403 3186 perinde
1413 3139 1442 3174 ao

345 3196 366 3245 ai
377 3195 437 3262 lippi
447 3193 547 3258 alicujus
557 3202 654 3260 repectu
665 3195 747 3244 oonloa
757 3191 863 3244 aimiliter
873 3195 904 3243 ait
913 3196 1023 3260 inlectus,
1042 3199 1163 3262 presentie
1173 3197 1248 3247 morbi
1258 3201 1374 3265 arrignare
1385 3219 1442 3252 oan-

344 3289 394 3325 aam
406 3275 496 3325 nescit:
513 3289 557 3324 neo
578 3275 750 3334 animadvertit,
766 3274 832 3340 qnod
852 3291 877 3323 re
894 3276 971 3340 iprum
988 3276 1013 3323 in
1029 3283 1141 3336 amatore,
1160 3285 1271 3342 tanquan
1290 3281 1315 3328 in
1334 3283 1444 3348 amello,

343 3356 447 3421 respicit.
456 3355 538 3421 itaque
546 3362 661 3420 presente
669 3355 720 3420 illo,
730 3354 810 3404 dolere
820 3363 846 3403 ut
856 3353 896 3402 ille
906 3353 1011 3402 rimiliter
1021 3355 1123 3404 derlnit:
1142 3355 1239 3405 amente
1249 3373 1312 3416 tero,
1323 3359 1444 3411 deriderat

344 3435 445 3485 rieireim'
456 3435 609 3501 desideratur,
619 3444 726 3485 mutuum
737 3451 839 3486 amorem
849 3444 962 3501 tanquam
976 3435 1060 3484 amorio
1076 3435 1222 3485 aimnlacrnrn
1239 3438 1378 3502 poaaideue3
1394 3455 1442 3491 nee

344 3529 446 3562 amorem
455 3517 541 3580 iprum,
550 3519 591 3566 red
604 3517 730 3566 amicitiam
740 3523 765 3566 et
775 3522 855 3580 vocat,
864 3521 889 3564 et
899 3520 976 3580 putat.
1009 3514 1083 3577 Cupit
1097 3529 1163 3578 ergo,
1178 3516 1251 3565 ierme
1261 3523 1288 3565 ut
1297 3517 1346 3576 ille,
1356 3533 1441 3583 qnam·

345 3591 380 3638 vie
390 3593 542 3652 moderatim,
551 3596 639 3659 videre,
655 3603 727 3660 atque
742 3597 835 3645 uaidna
850 3595 1022 3645 consuetudine
1033 3593 1135 3658 perlnrir
1153 3601 1185 3655 et,
1197 3604 1225 3644 nt
1234 3611 1277 3660 par
1286 3601 1441 3662 nepesinae

345 3669 453 3736 protinua
471 3673 521 3720 hmo
535 3673 601 3723 lacit.
633 3673 664 3722 In
682 3675 735 3738 ipsa
753 3676 823 3741 igitur
842 3674 1023 3734 conauetndine,
1040 3675 1147 3723 amatoria
1169 3675 1265 3740 quidem
1282 3677 1441 3740 intemperant

345 3765 420 3816 eqnua
427 3751 529 3817 aurigam
538 3753 690 3816 compellans,
701 3754 793 3802 brevem
800 3755 912 3818 edlagltat
922 3771 965 3820 pro
975 3752 1054 3802 multie
1062 3753 1178 3802 laboribua
1187 3753 1346 3816 voluptatem:
1365 3753 1441 3821 [256]

344 3831 501 3881 adoleteentia
512 3838 590 3880 autern
601 3847 683 3896 equor,
694 3831 772 3880 eidem
783 3834 840 3897 qnid
851 3833 924 3890 dieat,
934 3835 1037 3896 ignorat,
1048 3833 1089 3882 red
1106 3832 1207 3896 peroltua
1217 3832 1440 3902 anainaqnetarnan·

344 3919 390 3960 tem
402 3918 484 3960 mutua
495 3911 642 3976 prosequitur
651 3913 823 3970 beneolentia,
841 3914 999 3962 amantimimo
1016 3929 1058 3962 ano
1077 3911 1258 3977 congratulatur,
1268 3919 1340 3976 atque
1350 3913 1376 3961 in
1387 3914 1440 3978 ipra

342 3989 499 4040 familiaritate
516 3998 611 4056 paretur
630 3997 666 4040 eet
681 4007 723 4056 pro
740 3993 828 4042 viribus
844 3994 953 4042 amatoria
963 3995 1079 4043 desiderio
1089 3995 1256 4057 obtemperare.
1289 3991 1439 4057 conjugatus

274 4055 282 4072 ⁸
343 4077 421 4118 antem
431 4084 506 4135 eqnna
515 4070 584 4119 timul
595 4079 620 4119 et
629 4069 718 4134 auriga,
729 4087 782 4121 eum
791 4073 881 4137 pudore
892 4081 916 4122 et
926 4073 1016 4122 ratione
1031 4073 1069 4122 lrie
1079 4074 1104 4123 in
1122 4075 1191 4123 rebna
1207 4073 1262 4122 holo
1279 4075 1439 4122 advenentnr.

344 4151 424 4208 Quare
434 4151 453 4199 ai
463 4151 591 4200 reooudum
601 4159 688 4202 rectam
699 4150 754 4201 vitre
763 4153 935 4204 institutionem
947 4163 972 4204 et
979 4155 1136 4220 philorophiat
1146 4155 1224 4204 atudia
1234 4153 1339 4203 meliorea
1349 4153 1440 4216 eogita-

344 4228 415 4278 tionie
427 4239 502 4293 partea
513 4230 644 4289 obtineant,
655 4233 747 4280 beatam
764 4239 835 4297 atque
851 4235 989 4285 eonoordem
1002 4243 1139 4300 presentem
1150 4235 1222 4283 vitam
1233 4241 1315 4299 agunt,
1326 4233 1362 4282 rui
1372 4233 1440 4298 ipro-

344 4319 394 4352 rum
411 4309 500 4357 domini
516 4318 587 4374 atque
602 4312 712 4370 modesti,
729 4327 757 4360 ea
773 4323 839 4377 parte
857 4315 973 4379 aubjeeta,
992 4315 1030 4365 eui
1048 4315 1133 4363 anirum
1144 4315 1228 4363 vitium
1240 4315 1309 4378 irent,
1319 4329 1348 4362 ee
1358 4321 1441 4362 eontra

344 4381 450 4441 libem,
461 4387 491 4432 td
502 4403 572 4450 quant
589 4393 691 4454 prdbltaa
709 4393 817 4457 pertinet.
851 4395 881 4444 In
898 4395 969 4459 hujoa
988 4403 1067 4444 auteur
1084 4396 1139 4442 vitre
1156 4395 1213 4453 ine,
1228 4393 1370 4460 recuperarit
1388 4393 1442 4458 alia,

344 4469 460 4526 We·
476 4465 579 4526 ‘Wlfflin
597 4485 649 4520 euru
670 4473 739 4521 niun
756 4473 907 4525 “minum
924 4491 977 4524 vere
992 4473 1173 4539 Olympicorurn
1191 4491 1263 4526 unum
1281 4473 1440 4542 pervicerintt
