<?xml version="1.0" encoding="UTF-8"?>
<!DOCTYPE html PUBLIC "-//W3C//DTD XHTML 1.0 Transitional//EN"
    "http://www.w3.org/TR/xhtml1/DTD/xhtml1-transitional.dtd">
<html xmlns="http://www.w3.org/1999/xhtml" xml:lang="en" lang="en">
 <head>
  <title>
</title>
<meta http-equiv="Content-Type" content="text/html;charset=utf-8" />
  <meta name='ocr-system' content='tesseract 3.04.00' />
  <meta name='ocr-capabilities' content='ocr_page ocr_carea ocr_par ocr_line ocrx_word'/>
</head>
<body>
  <div class='ocr_page' id='page_1' title='image "./platonisetquaev06bekkgoog_0087.png"; bbox 0 0 3174 5322; ppageno 0'>
   <div class='ocr_carea' id='block_1_1' title="bbox 361 534 1446 618">
    <p class='ocr_par' dir='ltr' id='par_1_1' title="bbox 361 534 1446 618">
     <span class='ocr_line' id='line_1_1' title="bbox 361 534 1446 618; baseline -0.003 -16"><span class='ocrx_word' id='word_1_1' title='bbox 361 544 403 602; x_wconf 81' lang='grc' dir='ltr'><strong>ιι</strong></span> <span class='ocrx_word' id='word_1_2' title='bbox 813 534 1012 599; x_wconf 74' lang='lat' dir='ltr'><strong>runcones</strong></span> <span class='ocrx_word' id='word_1_3' title='bbox 1389 539 1446 618; x_wconf 85' lang='grc' dir='ltr'><strong>[ιι</strong></span> 
     </span>
    </p>
   </div>
   <div class='ocr_carea' id='block_1_2' title="bbox 365 689 1466 2132">
    <p class='ocr_par' dir='ltr' id='par_1_2' title="bbox 365 689 1466 2132">
     <span class='ocr_line' id='line_1_2' title="bbox 365 689 1465 762; baseline -0.006 -15"><span class='ocrx_word' id='word_1_4' title='bbox 365 705 445 747; x_wconf 90' lang='lat' dir='ltr'><strong>eutem</strong></span> <span class='ocrx_word' id='word_1_5' title='bbox 458 695 539 762; x_wconf 85' lang='lat' dir='ltr'><strong>petreis</strong></span> <span class='ocrx_word' id='word_1_6' title='bbox 548 693 756 758; x_wconf 86' lang='lat' dir='ltr'><strong>comprebendsm,</strong></span> <span class='ocrx_word' id='word_1_7' title='bbox 772 693 865 758; x_wconf 84' lang='lat' dir='ltr'><strong>quoties</strong></span> <span class='ocrx_word' id='word_1_8' title='bbox 881 693 934 757; x_wconf 87' lang='lat' dir='ltr'><strong>qois</strong></span> <span class='ocrx_word' id='word_1_9' title='bbox 949 689 1040 756; x_wconf 90' lang='lat' dir='ltr'><strong>ellqnid</strong></span> <span class='ocrx_word' id='word_1_10' title='bbox 1057 689 1158 756; x_wconf 86' lang='lat' dir='ltr'><strong>elionjns</strong></span> <span class='ocrx_word' id='word_1_11' title='bbox 1174 689 1249 758; x_wconf 65' lang='lat' dir='ltr'><strong>[retis</strong></span> <span class='ocrx_word' id='word_1_12' title='bbox 1264 691 1361 758; x_wconf 81' lang='lat' dir='ltr'><strong>querit,</strong></span> <span class='ocrx_word' id='word_1_13' title='bbox 1376 690 1408 744; x_wconf 86' lang='lat' dir='ltr'><strong>de</strong></span> <span class='ocrx_word' id='word_1_14' title='bbox 1422 691 1465 740; x_wconf 92' lang='lat' dir='ltr'><strong>illo</strong></span> 
     </span>
     <span class='ocr_line' id='line_1_3' title="bbox 367 771 1465 842; baseline -0.005 -17"><span class='ocrx_word' id='word_1_15' title='bbox 367 777 421 842; x_wconf 89' lang='lat' dir='ltr'><strong>ipso</strong></span> <span class='ocrx_word' id='word_1_16' title='bbox 433 777 576 826; x_wconf 71' lang='lat' dir='ltr'><strong>consultatio</strong></span> <span class='ocrx_word' id='word_1_17' title='bbox 587 784 632 839; x_wconf 90' lang='lat' dir='ltr'><strong>est,</strong></span> <span class='ocrx_word' id='word_1_18' title='bbox 642 775 711 840; x_wconf 86' lang='lat' dir='ltr'><strong>cujus</strong></span> <span class='ocrx_word' id='word_1_19' title='bbox 722 773 796 840; x_wconf 70' lang='lat' dir='ltr'><strong>gretie</strong></span> <span class='ocrx_word' id='word_1_20' title='bbox 806 773 869 825; x_wconf 87' lang='lat' dir='ltr'><strong>slind</strong></span> <span class='ocrx_word' id='word_1_21' title='bbox 881 771 1002 837; x_wconf 80' lang='lat' dir='ltr'><strong>queritur,</strong></span> <span class='ocrx_word' id='word_1_22' title='bbox 1014 787 1062 822; x_wconf 89' lang='lat' dir='ltr'><strong>non</strong></span> <span class='ocrx_word' id='word_1_23' title='bbox 1077 773 1109 822; x_wconf 87' lang='lat' dir='ltr'><strong>de</strong></span> <span class='ocrx_word' id='word_1_24' title='bbox 1126 787 1156 821; x_wconf 89' lang='lat' dir='ltr'><strong>eo</strong></span> <span class='ocrx_word' id='word_1_25' title='bbox 1174 773 1239 838; x_wconf 85' lang='lat' dir='ltr'><strong>qnod</strong></span> <span class='ocrx_word' id='word_1_26' title='bbox 1247 773 1362 838; x_wconf 78' lang='lat' dir='ltr'><strong>queritur</strong></span> <span class='ocrx_word' id='word_1_27' title='bbox 1372 771 1465 821; x_wconf 89' lang='lat' dir='ltr'><strong>slteries</strong></span> 
     </span>
     <span class='ocr_line' id='line_1_4' title="bbox 368 852 1464 922; baseline -0.004 -18"><span class='ocrx_word' id='word_1_28' title='bbox 368 859 453 922; x_wconf 73' lang='lat' dir='ltr'><strong>gretie.</strong></span> <span class='ocrx_word' id='word_1_29' title='bbox 485 856 530 906; x_wconf 99' lang='grc' dir='ltr'><strong>Νι.</strong></span> <span class='ocrx_word' id='word_1_30' title='bbox 547 856 651 906; x_wconf 88' lang='lat' dir='ltr'><strong>Necesse</strong></span> <span class='ocrx_word' id='word_1_31' title='bbox 661 863 706 908; x_wconf 89' lang='lat' dir='ltr'><strong>est.</strong></span> <span class='ocrx_word' id='word_1_32' title='bbox 739 855 782 906; x_wconf 77' lang='lat' dir='ltr'><strong>So.</strong></span> <span class='ocrx_word' id='word_1_33' title='bbox 800 855 902 918; x_wconf 87' lang='lat' dir='ltr'><strong>Oportet</strong></span> <span class='ocrx_word' id='word_1_34' title='bbox 914 853 994 919; x_wconf 90' lang='lat' dir='ltr'><strong>iteqne</strong></span> <span class='ocrx_word' id='word_1_35' title='bbox 1013 852 1172 902; x_wconf 88' lang='lat' dir='ltr'><strong>consultorem</strong></span> <span class='ocrx_word' id='word_1_36' title='bbox 1187 853 1331 910; x_wconf 70' lang='lat' dir='ltr'><strong>mutnus,</strong></span> <span class='ocrx_word' id='word_1_37' title='bbox 1347 861 1424 902; x_wconf 85' lang='lat' dir='ltr'><strong>strum</strong></span> <span class='ocrx_word' id='word_1_38' title='bbox 1434 853 1464 900; x_wconf 90' lang='lat' dir='ltr'><strong>ed</strong></span> 
     </span>
     <span class='ocr_line' id='line_1_5' title="bbox 366 933 1465 1001; baseline -0.005 -15"><span class='ocrx_word' id='word_1_39' title='bbox 366 937 431 986; x_wconf 87' lang='lat' dir='ltr'><strong>illins</strong></span> <span class='ocrx_word' id='word_1_40' title='bbox 439 938 584 986; x_wconf 77' lang='lat' dir='ltr'><strong>contionem</strong></span> <span class='ocrx_word' id='word_1_41' title='bbox 594 938 683 1001; x_wconf 85' lang='lat' dir='ltr'><strong>peritus</strong></span> <span class='ocrx_word' id='word_1_42' title='bbox 694 938 734 999; x_wconf 86' lang='lat' dir='ltr'><strong>sit,</strong></span> <span class='ocrx_word' id='word_1_43' title='bbox 754 935 824 1001; x_wconf 88' lang='lat' dir='ltr'><strong>cnjus</strong></span> <span class='ocrx_word' id='word_1_44' title='bbox 836 935 909 1000; x_wconf 75' lang='lat' dir='ltr'><strong>gretie</strong></span> <span class='ocrx_word' id='word_1_45' title='bbox 919 934 944 983; x_wconf 89' lang='lat' dir='ltr'><strong>in</strong></span> <span class='ocrx_word' id='word_1_46' title='bbox 954 933 1080 999; x_wconf 72' lang='lat' dir='ltr'><strong>presentie</strong></span> <span class='ocrx_word' id='word_1_47' title='bbox 1091 933 1257 983; x_wconf 70' lang='lat' dir='ltr'><strong>deliberamus.</strong></span> <span class='ocrx_word' id='word_1_48' title='bbox 1289 933 1336 984; x_wconf 87' lang='grc' dir='ltr'><strong>Νι.</strong></span> <span class='ocrx_word' id='word_1_49' title='bbox 1353 933 1465 982; x_wconf 85' lang='lat' dir='ltr'><strong>Omnino.</strong></span> 
     </span>
     <span class='ocr_line' id='line_1_6' title="bbox 367 1013 1465 1080; baseline -0.005 -13"><span class='ocrx_word' id='word_1_50' title='bbox 367 1019 409 1069; x_wconf 85' lang='lat' dir='ltr'><strong>So.</strong></span> <span class='ocrx_word' id='word_1_51' title='bbox 427 1017 527 1067; x_wconf 84' lang='lat' dir='ltr'><strong>Annon</strong></span> <span class='ocrx_word' id='word_1_52' title='bbox 539 1017 725 1079; x_wconf 66' lang='lat' dir='ltr'><strong>dictumestde</strong></span> <span class='ocrx_word' id='word_1_53' title='bbox 739 1015 867 1080; x_wconf 68' lang='lat' dir='ltr'><strong>disciplina</strong></span> <span class='ocrx_word' id='word_1_54' title='bbox 880 1015 992 1079; x_wconf 73' lang='lat' dir='ltr'><strong>perquiri,</strong></span> <span class='ocrx_word' id='word_1_55' title='bbox 1009 1015 1186 1064; x_wconf 87' lang='lat' dir='ltr'><strong>edolescentom</strong></span> <span class='ocrx_word' id='word_1_56' title='bbox 1204 1013 1278 1063; x_wconf 86' lang='lat' dir='ltr'><strong>enimi</strong></span> <span class='ocrx_word' id='word_1_57' title='bbox 1293 1014 1389 1079; x_wconf 73' lang='lat' dir='ltr'><strong>gretie?</strong></span> <span class='ocrx_word' id='word_1_58' title='bbox 1422 1013 1465 1062; x_wconf 85' lang='grc' dir='ltr'><strong>Νι.</strong></span> 
     </span>
     <span class='ocr_line' id='line_1_7' title="bbox 367 1093 1463 1164; baseline -0.006 -16"><span class='ocrx_word' id='word_1_59' title='bbox 367 1097 476 1148; x_wconf 82' lang='lat' dir='ltr'><strong>Dictum.</strong></span> <span class='ocrx_word' id='word_1_60' title='bbox 506 1100 551 1148; x_wconf 77' lang='lat' dir='ltr'><strong>So.</strong></span> <span class='ocrx_word' id='word_1_61' title='bbox 566 1099 638 1163; x_wconf 72' lang='lat' dir='ltr'><strong>Ergo,</strong></span> <span class='ocrx_word' id='word_1_62' title='bbox 650 1099 669 1146; x_wconf 92' lang='lat' dir='ltr'><strong>si</strong></span> <span class='ocrx_word' id='word_1_63' title='bbox 680 1099 732 1164; x_wconf 86' lang='lat' dir='ltr'><strong>quis</strong></span> <span class='ocrx_word' id='word_1_64' title='bbox 743 1105 847 1146; x_wconf 73' lang='lat' dir='ltr'><strong>nosnnrn</strong></span> <span class='ocrx_word' id='word_1_65' title='bbox 858 1097 1013 1146; x_wconf 85' lang='lat' dir='ltr'><strong>coreodornrn</strong></span> <span class='ocrx_word' id='word_1_66' title='bbox 1023 1095 1155 1144; x_wconf 77' lang='lat' dir='ltr'><strong>mimorum</strong></span> <span class='ocrx_word' id='word_1_67' title='bbox 1166 1102 1215 1144; x_wconf 84' lang='lat' dir='ltr'><strong>erte</strong></span> <span class='ocrx_word' id='word_1_68' title='bbox 1227 1095 1328 1160; x_wconf 79' lang='lat' dir='ltr'><strong>pollent,</strong></span> <span class='ocrx_word' id='word_1_69' title='bbox 1339 1093 1463 1158; x_wconf 85' lang='lat' dir='ltr'><strong>releetqne</strong></span> 
     </span>
     <span class='ocr_line' id='line_1_8' title="bbox 366 1175 1463 1243; baseline -0.002 -15"><span class='ocrx_word' id='word_1_70' title='bbox 366 1193 408 1228; x_wconf 86' lang='lat' dir='ltr'><strong>eos</strong></span> <span class='ocrx_word' id='word_1_71' title='bbox 425 1179 566 1228; x_wconf 81' lang='lat' dir='ltr'><strong>sufficienter</strong></span> <span class='ocrx_word' id='word_1_72' title='bbox 582 1180 698 1241; x_wconf 80' lang='lat' dir='ltr'><strong>excolere,</strong></span> <span class='ocrx_word' id='word_1_73' title='bbox 717 1185 742 1228; x_wconf 92' lang='lat' dir='ltr'><strong>et</strong></span> <span class='ocrx_word' id='word_1_74' title='bbox 761 1187 917 1243; x_wconf 85' lang='lat' dir='ltr'><strong>preceptores</strong></span> <span class='ocrx_word' id='word_1_75' title='bbox 935 1177 1039 1226; x_wconf 87' lang='lat' dir='ltr'><strong>eruditos</strong></span> <span class='ocrx_word' id='word_1_76' title='bbox 1060 1175 1176 1232; x_wconf 88' lang='lat' dir='ltr'><strong>lsebuerit,</strong></span> <span class='ocrx_word' id='word_1_77' title='bbox 1198 1175 1385 1242; x_wconf 80' lang='lat' dir='ltr'><strong>inquirendum?</strong></span> <span class='ocrx_word' id='word_1_78' title='bbox 1418 1176 1463 1226; x_wconf 85' lang='lat' dir='ltr'><strong>Le.</strong></span> 
     </span>
     <span class='ocr_line' id='line_1_9' title="bbox 367 1256 1464 1324; baseline -0.003 -16"><span class='ocrx_word' id='word_1_79' title='bbox 367 1259 527 1324; x_wconf 70' lang='lat' dir='ltr'>Nunquamne</span> <span class='ocrx_word' id='word_1_80' title='bbox 539 1259 627 1318; x_wconf 80' lang='lat' dir='ltr'><strong>uidisti,</strong></span> <span class='ocrx_word' id='word_1_81' title='bbox 637 1275 653 1308; x_wconf 89' lang='lat' dir='ltr'><strong>o</strong></span> <span class='ocrx_word' id='word_1_82' title='bbox 664 1259 779 1314; x_wconf 87' lang='lat' dir='ltr'><strong>Soeretes,</strong></span> <span class='ocrx_word' id='word_1_83' title='bbox 791 1259 843 1308; x_wconf 86' lang='lat' dir='ltr'><strong>sine</strong></span> <span class='ocrx_word' id='word_1_84' title='bbox 853 1257 1037 1322; x_wconf 70' lang='lat' dir='ltr'><strong>preceptoribus</strong></span> <span class='ocrx_word' id='word_1_85' title='bbox 1049 1256 1142 1320; x_wconf 87' lang='lat' dir='ltr'><strong>sliquos</strong></span> <span class='ocrx_word' id='word_1_86' title='bbox 1153 1257 1179 1304; x_wconf 89' lang='lat' dir='ltr'><strong>ln</strong></span> <span class='ocrx_word' id='word_1_87' title='bbox 1189 1273 1214 1306; x_wconf 84' lang='lat' dir='ltr'><strong>re</strong></span> <span class='ocrx_word' id='word_1_88' title='bbox 1224 1257 1327 1321; x_wconf 88' lang='lat' dir='ltr'><strong>quedem</strong></span> <span class='ocrx_word' id='word_1_89' title='bbox 1336 1257 1464 1320; x_wconf 73' lang='lat' dir='ltr'><strong>peritiores,</strong></span> 
     </span>
     <span class='ocr_line' id='line_1_10' title="bbox 366 1335 1466 1405; baseline 0 -19"><span class='ocrx_word' id='word_1_90' title='bbox 366 1354 438 1405; x_wconf 88' lang='lat' dir='ltr'><strong>qnsm</strong></span> <span class='ocrx_word' id='word_1_91' title='bbox 448 1355 502 1389; x_wconf 89' lang='lat' dir='ltr'><strong>curn</strong></span> <span class='ocrx_word' id='word_1_92' title='bbox 513 1339 694 1404; x_wconf 63' lang='lat' dir='ltr'><strong>preceptoribus</strong></span> <span class='ocrx_word' id='word_1_93' title='bbox 705 1339 823 1388; x_wconf 75' lang='lat' dir='ltr'><strong>eruisset</strong></span> <span class='ocrx_word' id='word_1_94' title='bbox 856 1338 898 1388; x_wconf 79' lang='lat' dir='ltr'><strong>So.</strong></span> <span class='ocrx_word' id='word_1_95' title='bbox 915 1337 974 1387; x_wconf 86' lang='lat' dir='ltr'><strong>Vidi</strong></span> <span class='ocrx_word' id='word_1_96' title='bbox 981 1335 1101 1402; x_wconf 83' lang='lat' dir='ltr'><strong>equidem,</strong></span> <span class='ocrx_word' id='word_1_97' title='bbox 1111 1336 1217 1386; x_wconf 78' lang='lat' dir='ltr'><strong>hebes:</strong></span> <span class='ocrx_word' id='word_1_98' title='bbox 1234 1337 1321 1401; x_wconf 86' lang='lat' dir='ltr'><strong>quibes</strong></span> <span class='ocrx_word' id='word_1_99' title='bbox 1327 1337 1380 1401; x_wconf 88' lang='lat' dir='ltr'><strong>ipse</strong></span> <span class='ocrx_word' id='word_1_100' title='bbox 1389 1345 1466 1386; x_wconf 86' lang='lat' dir='ltr'><strong>temen</strong></span> 
     </span>
     <span class='ocr_line' id='line_1_11' title="bbox 367 1417 1464 1484; baseline -0.001 -17"><span class='ocrx_word' id='word_1_101' title='bbox 367 1433 416 1466; x_wconf 89' lang='lat' dir='ltr'><strong>non</strong></span> <span class='ocrx_word' id='word_1_102' title='bbox 426 1419 571 1483; x_wconf 84' lang='lat' dir='ltr'><strong>crederes,si</strong></span> <span class='ocrx_word' id='word_1_103' title='bbox 586 1436 612 1468; x_wconf 92' lang='lat' dir='ltr'><strong>se</strong></span> <span class='ocrx_word' id='word_1_104' title='bbox 628 1419 732 1484; x_wconf 88' lang='lat' dir='ltr'><strong>optimos</strong></span> <span class='ocrx_word' id='word_1_105' title='bbox 748 1418 848 1468; x_wconf 80' lang='lat' dir='ltr'><strong>ertifices</strong></span> <span class='ocrx_word' id='word_1_106' title='bbox 865 1417 1028 1482; x_wconf 67' lang='lat' dir='ltr'><strong>prodicerent,</strong></span> <span class='ocrx_word' id='word_1_107' title='bbox 1045 1417 1091 1466; x_wconf 84' lang='lat' dir='ltr'><strong>nisi</strong></span> <span class='ocrx_word' id='word_1_108' title='bbox 1106 1433 1168 1483; x_wconf 86' lang='lat' dir='ltr'><strong>opus</strong></span> <span class='ocrx_word' id='word_1_109' title='bbox 1183 1417 1282 1482; x_wconf 87' lang='lat' dir='ltr'><strong>sliqnod</strong></span> <span class='ocrx_word' id='word_1_110' title='bbox 1297 1417 1355 1466; x_wconf 85' lang='lat' dir='ltr'><strong>estis</strong></span> <span class='ocrx_word' id='word_1_111' title='bbox 1370 1417 1464 1466; x_wconf 86' lang='lat' dir='ltr'><strong>illosure</strong></span> 
     </span>
     <span class='ocr_line' id='line_1_12' title="bbox 366 1488 1463 1564; baseline 0 -16"><span class='ocrx_word' id='word_1_112' title='bbox 366 1505 430 1548; x_wconf 85' lang='lat' dir='ltr'><strong>recte</strong></span> <span class='ocrx_word' id='word_1_113' title='bbox 440 1507 600 1548; x_wconf 87' lang='lat' dir='ltr'><strong>constructum</strong></span> <span class='ocrx_word' id='word_1_114' title='bbox 617 1488 690 1564; x_wconf 71' lang='lat' dir='ltr'><strong>[len]</strong></span> <span class='ocrx_word' id='word_1_115' title='bbox 706 1507 731 1548; x_wconf 88' lang='lat' dir='ltr'><strong>st</strong></span> <span class='ocrx_word' id='word_1_116' title='bbox 741 1515 814 1548; x_wconf 87' lang='lat' dir='ltr'><strong>unum</strong></span> <span class='ocrx_word' id='word_1_117' title='bbox 831 1507 855 1547; x_wconf 92' lang='lat' dir='ltr'><strong>et</strong></span> <span class='ocrx_word' id='word_1_118' title='bbox 873 1499 941 1562; x_wconf 84' lang='lat' dir='ltr'><strong>pinse</strong></span> <span class='ocrx_word' id='word_1_119' title='bbox 956 1497 1144 1547; x_wconf 68' lang='lat' dir='ltr'><strong>monstraverint.</strong></span> <span class='ocrx_word' id='word_1_120' title='bbox 1175 1496 1222 1546; x_wconf 91' lang='grc' dir='ltr'><strong>Νι.</strong></span> <span class='ocrx_word' id='word_1_121' title='bbox 1238 1496 1328 1547; x_wconf 79' lang='lat' dir='ltr'><strong>Verum</strong></span> <span class='ocrx_word' id='word_1_122' title='bbox 1343 1507 1382 1547; x_wconf 88' lang='lat' dir='ltr'><strong>est</strong></span> <span class='ocrx_word' id='word_1_123' title='bbox 1401 1500 1463 1563; x_wconf 90' lang='lat' dir='ltr'><strong>quod</strong></span> 
     </span>
     <span class='ocr_line' id='line_1_13' title="bbox 366 1577 1465 1646; baseline 0 -18"><span class='ocrx_word' id='word_1_124' title='bbox 366 1580 435 1630; x_wconf 74' lang='lat' dir='ltr'><strong>dicie</strong></span> <span class='ocrx_word' id='word_1_125' title='bbox 468 1580 510 1628; x_wconf 81' lang='lat' dir='ltr'><strong>So.</strong></span> <span class='ocrx_word' id='word_1_126' title='bbox 525 1579 578 1629; x_wconf 85' lang='lat' dir='ltr'><strong>Nos</strong></span> <span class='ocrx_word' id='word_1_127' title='bbox 588 1581 670 1646; x_wconf 77' lang='lat' dir='ltr'><strong>ireque</strong></span> <span class='ocrx_word' id='word_1_128' title='bbox 680 1581 759 1643; x_wconf 89' lang='lat' dir='ltr'><strong>decet,</strong></span> <span class='ocrx_word' id='word_1_129' title='bbox 769 1580 919 1630; x_wconf 86' lang='lat' dir='ltr'><strong>oLrebeset</strong></span> <span class='ocrx_word' id='word_1_130' title='bbox 929 1578 1008 1642; x_wconf 88' lang='lat' dir='ltr'><strong>Nicie,</strong></span> <span class='ocrx_word' id='word_1_131' title='bbox 1019 1587 1142 1644; x_wconf 86' lang='lat' dir='ltr'><strong>postquem</strong></span> <span class='ocrx_word' id='word_1_132' title='bbox 1159 1577 1315 1644; x_wconf 76' lang='lat' dir='ltr'><strong>Lysimscbus</strong></span> <span class='ocrx_word' id='word_1_133' title='bbox 1324 1585 1401 1643; x_wconf 88' lang='lat' dir='ltr'><strong>etque</strong></span> <span class='ocrx_word' id='word_1_134' title='bbox 1410 1578 1465 1628; x_wconf 83' lang='lat' dir='ltr'><strong>bte-</strong></span> 
     </span>
     <span class='ocr_line' id='line_1_14' title="bbox 367 1658 1465 1724; baseline 0.001 -15"><span class='ocrx_word' id='word_1_135' title='bbox 367 1659 439 1710; x_wconf 81' lang='lat' dir='ltr'><strong>lenies</strong></span> <span class='ocrx_word' id='word_1_136' title='bbox 455 1661 486 1710; x_wconf 88' lang='lat' dir='ltr'><strong>s&#39;d</strong></span> <span class='ocrx_word' id='word_1_137' title='bbox 507 1660 688 1710; x_wconf 88' lang='lat' dir='ltr'><strong>consultendnm</strong></span> <span class='ocrx_word' id='word_1_138' title='bbox 706 1661 738 1710; x_wconf 87' lang='lat' dir='ltr'><strong>de</strong></span> <span class='ocrx_word' id='word_1_139' title='bbox 757 1660 811 1709; x_wconf 78' lang='lat' dir='ltr'><strong>filiis</strong></span> <span class='ocrx_word' id='word_1_140' title='bbox 822 1668 997 1718; x_wconf 75' lang='lat' dir='ltr'><strong>conromsnnt,</strong></span> <span class='ocrx_word' id='word_1_141' title='bbox 1013 1658 1137 1724; x_wconf 86' lang='lat' dir='ltr'><strong>cupientes</strong></span> <span class='ocrx_word' id='word_1_142' title='bbox 1151 1659 1255 1724; x_wconf 77' lang='lat' dir='ltr'><strong>cptlmm</strong></span> <span class='ocrx_word' id='word_1_143' title='bbox 1269 1658 1363 1708; x_wconf 82' lang='lat' dir='ltr'><strong>illorum</strong></span> <span class='ocrx_word' id='word_1_144' title='bbox 1374 1660 1465 1710; x_wconf 71' lang='lat' dir='ltr'><strong>smnus</strong></span> 
     </span>
     <span class='ocr_line' id='line_1_15' title="bbox 367 1739 1464 1806; baseline -0.001 -16"><span class='ocrx_word' id='word_1_145' title='bbox 367 1740 437 1799; x_wconf 89' lang='lat' dir='ltr'><strong>ellici,</strong></span> <span class='ocrx_word' id='word_1_146' title='bbox 445 1742 464 1790; x_wconf 90' lang='lat' dir='ltr'><strong>si</strong></span> <span class='ocrx_word' id='word_1_147' title='bbox 473 1749 630 1806; x_wconf 74' lang='lat' dir='ltr'><strong>preceptores</strong></span> <span class='ocrx_word' id='word_1_148' title='bbox 640 1757 684 1792; x_wconf 93' lang='lat' dir='ltr'><strong>nos</strong></span> <span class='ocrx_word' id='word_1_149' title='bbox 694 1741 803 1792; x_wconf 87' lang='lat' dir='ltr'><strong>bebuisse</strong></span> <span class='ocrx_word' id='word_1_150' title='bbox 810 1741 919 1800; x_wconf 69' lang='lat' dir='ltr'><strong>isumus,</strong></span> <span class='ocrx_word' id='word_1_151' title='bbox 929 1757 971 1790; x_wconf 88' lang='lat' dir='ltr'><strong>eos</strong></span> <span class='ocrx_word' id='word_1_152' title='bbox 981 1742 1113 1797; x_wconf 82' lang='lat' dir='ltr'><strong>ostendere,</strong></span> <span class='ocrx_word' id='word_1_153' title='bbox 1124 1739 1166 1804; x_wconf 91' lang='lat' dir='ltr'><strong>qui</strong></span> <span class='ocrx_word' id='word_1_154' title='bbox 1176 1747 1201 1789; x_wconf 87' lang='lat' dir='ltr'><strong>et</strong></span> <span class='ocrx_word' id='word_1_155' title='bbox 1211 1740 1257 1804; x_wconf 92' lang='lat' dir='ltr'><strong>ipsi</strong></span> <span class='ocrx_word' id='word_1_156' title='bbox 1267 1740 1369 1805; x_wconf 86' lang='lat' dir='ltr'><strong>primurn</strong></span> <span class='ocrx_word' id='word_1_157' title='bbox 1379 1739 1464 1804; x_wconf 84' lang='lat' dir='ltr'><strong>optimi</strong></span> 
     </span>
     <span class='ocr_line' id='line_1_16' title="bbox 367 1816 1464 1887; baseline -0.002 -16"><span class='ocrx_word' id='word_1_158' title='bbox 367 1823 464 1880; x_wconf 82' lang='lat' dir='ltr'><strong>inerint,</strong></span> <span class='ocrx_word' id='word_1_159' title='bbox 476 1830 501 1872; x_wconf 90' lang='lat' dir='ltr'><strong>et</strong></span> <span class='ocrx_word' id='word_1_160' title='bbox 513 1816 643 1873; x_wconf 82' lang='lat' dir='ltr'><strong>multorum</strong></span> <span class='ocrx_word' id='word_1_161' title='bbox 648 1824 824 1874; x_wconf 87' lang='lat' dir='ltr'><strong>edolescentrrm</strong></span> <span class='ocrx_word' id='word_1_162' title='bbox 836 1823 927 1872; x_wconf 85' lang='lat' dir='ltr'><strong>sciuros</strong></span> <span class='ocrx_word' id='word_1_163' title='bbox 937 1821 1089 1880; x_wconf 79' lang='lat' dir='ltr'><strong>emdiserint,</strong></span> <span class='ocrx_word' id='word_1_164' title='bbox 1108 1829 1190 1887; x_wconf 85' lang='lat' dir='ltr'><strong>postes</strong></span> <span class='ocrx_word' id='word_1_165' title='bbox 1208 1835 1253 1870; x_wconf 86' lang='lat' dir='ltr'><strong>nos</strong></span> <span class='ocrx_word' id='word_1_166' title='bbox 1268 1835 1365 1886; x_wconf 82' lang='lat' dir='ltr'><strong>qnoque</strong></span> <span class='ocrx_word' id='word_1_167' title='bbox 1374 1822 1464 1870; x_wconf 82' lang='lat' dir='ltr'><strong>donne·</strong></span> 
     </span>
     <span class='ocr_line' id='line_1_17' title="bbox 366 1902 1465 1970; baseline 0.001 -19"><span class='ocrx_word' id='word_1_168' title='bbox 366 1903 423 1952; x_wconf 90' lang='lat' dir='ltr'><strong>rint.</strong></span> <span class='ocrx_word' id='word_1_169' title='bbox 439 1903 476 1952; x_wconf 85' lang='lat' dir='ltr'><strong>vel</strong></span> <span class='ocrx_word' id='word_1_170' title='bbox 487 1903 507 1952; x_wconf 95' lang='lat' dir='ltr'><strong>si</strong></span> <span class='ocrx_word' id='word_1_171' title='bbox 517 1904 571 1968; x_wconf 90' lang='lat' dir='ltr'><strong>quis</strong></span> <span class='ocrx_word' id='word_1_172' title='bbox 581 1913 685 1954; x_wconf 90' lang='lat' dir='ltr'><strong>nostrnrn</strong></span> <span class='ocrx_word' id='word_1_173' title='bbox 698 1913 865 1970; x_wconf 75' lang='lat' dir='ltr'><strong>preceptorem</strong></span> <span class='ocrx_word' id='word_1_174' title='bbox 876 1905 985 1954; x_wconf 83' lang='lat' dir='ltr'><strong>hebnisse</strong></span> <span class='ocrx_word' id='word_1_175' title='bbox 1001 1911 1081 1968; x_wconf 71' lang='lat' dir='ltr'><strong>neget,</strong></span> <span class='ocrx_word' id='word_1_176' title='bbox 1097 1918 1170 1968; x_wconf 85' lang='lat' dir='ltr'><strong>opere</strong></span> <span class='ocrx_word' id='word_1_177' title='bbox 1184 1917 1229 1952; x_wconf 87' lang='lat' dir='ltr'><strong>sne</strong></span> <span class='ocrx_word' id='word_1_178' title='bbox 1244 1909 1373 1952; x_wconf 81' lang='lat' dir='ltr'><strong>monstssse</strong></span> <span class='ocrx_word' id='word_1_179' title='bbox 1383 1902 1465 1968; x_wconf 86' lang='lat' dir='ltr'><strong>debet,</strong></span> 
     </span>
     <span class='ocr_line' id='line_1_18' title="bbox 366 1983 1466 2052; baseline 0.001 -21"><span class='ocrx_word' id='word_1_180' title='bbox 366 1983 392 2032; x_wconf 85' lang='lat' dir='ltr'><strong>in</strong></span> <span class='ocrx_word' id='word_1_181' title='bbox 404 1985 555 2050; x_wconf 85' lang='lat' dir='ltr'><strong>mediumque</strong></span> <span class='ocrx_word' id='word_1_182' title='bbox 565 1987 656 2044; x_wconf 74' lang='lat' dir='ltr'><strong>efferre,</strong></span> <span class='ocrx_word' id='word_1_183' title='bbox 674 1987 770 2052; x_wconf 89' lang='lat' dir='ltr'><strong>quinem</strong></span> <span class='ocrx_word' id='word_1_184' title='bbox 787 1985 982 2048; x_wconf 78' lang='lat' dir='ltr'><strong>Atheniensium,</strong></span> <span class='ocrx_word' id='word_1_185' title='bbox 999 1985 1036 2033; x_wconf 86' lang='lat' dir='ltr'><strong>rel</strong></span> <span class='ocrx_word' id='word_1_186' title='bbox 1048 1983 1179 2050; x_wconf 83' lang='lat' dir='ltr'><strong>hospitum,</strong></span> <span class='ocrx_word' id='word_1_187' title='bbox 1197 1989 1239 2032; x_wconf 90' lang='lat' dir='ltr'><strong>eut</strong></span> <span class='ocrx_word' id='word_1_188' title='bbox 1249 1983 1318 2041; x_wconf 78' lang='lat' dir='ltr'><strong>servi,</strong></span> <span class='ocrx_word' id='word_1_189' title='bbox 1333 1990 1376 2032; x_wconf 91' lang='lat' dir='ltr'><strong>ent</strong></span> <span class='ocrx_word' id='word_1_190' title='bbox 1387 1984 1466 2043; x_wconf 83' lang='lat' dir='ltr'><strong>liberi,</strong></span> 
     </span>
     <span class='ocr_line' id='line_1_19' title="bbox 367 2063 1466 2132; baseline 0.002 -19"><span class='ocrx_word' id='word_1_191' title='bbox 367 2063 644 2132; x_wconf 79' lang='lat' dir='ltr'><strong>diligentissueebsque</strong></span> <span class='ocrx_word' id='word_1_192' title='bbox 655 2068 815 2118; x_wconf 83' lang='lat' dir='ltr'><strong>controversie</strong></span> <span class='ocrx_word' id='word_1_193' title='bbox 825 2067 882 2117; x_wconf 90' lang='lat' dir='ltr'><strong>boni</strong></span> <span class='ocrx_word' id='word_1_194' title='bbox 898 2067 1020 2117; x_wconf 82' lang='lat' dir='ltr'><strong>eseserint.</strong></span> <span class='ocrx_word' id='word_1_195' title='bbox 1054 2065 1096 2116; x_wconf 83' lang='lat' dir='ltr'><strong>stu</strong></span> <span class='ocrx_word' id='word_1_196' title='bbox 1114 2073 1193 2114; x_wconf 88' lang='lat' dir='ltr'><strong>entem</strong></span> <span class='ocrx_word' id='word_1_197' title='bbox 1213 2071 1319 2114; x_wconf 77' lang='lat' dir='ltr'><strong>mtrem</strong></span> <span class='ocrx_word' id='word_1_198' title='bbox 1337 2066 1466 2115; x_wconf 64' lang='lat' dir='ltr'><strong>“tendere</strong></span> 
     </span>
    </p>
   </div>
   <div class='ocr_carea' id='block_1_3' title="bbox 366 2145 1467 2618">
    <p class='ocr_par' dir='ltr' id='par_1_3' title="bbox 366 2145 1467 2618">
     <span class='ocr_line' id='line_1_20' title="bbox 367 2145 1467 2212; baseline 0.003 -19"><span class='ocrx_word' id='word_1_199' title='bbox 367 2160 500 2209; x_wconf 80' lang='lat' dir='ltr'><strong>possumm,</strong></span> <span class='ocrx_word' id='word_1_200' title='bbox 515 2149 611 2197; x_wconf 89' lang='lat' dir='ltr'><strong>utelios</strong></span> <span class='ocrx_word' id='word_1_201' title='bbox 621 2149 767 2198; x_wconf 78' lang='lat' dir='ltr'><strong>consultores</strong></span> <span class='ocrx_word' id='word_1_202' title='bbox 782 2149 878 2206; x_wconf 88' lang='lat' dir='ltr'><strong>sdesnt,</strong></span> <span class='ocrx_word' id='word_1_203' title='bbox 895 2147 979 2212; x_wconf 86' lang='lat' dir='ltr'><strong>jubere</strong></span> <span class='ocrx_word' id='word_1_204' title='bbox 996 2147 1118 2204; x_wconf 80' lang='lat' dir='ltr'><strong>debemus,</strong></span> <span class='ocrx_word' id='word_1_205' title='bbox 1137 2161 1215 2212; x_wconf 88' lang='lat' dir='ltr'><strong>neque</strong></span> <span class='ocrx_word' id='word_1_206' title='bbox 1226 2146 1252 2194; x_wconf 89' lang='lat' dir='ltr'><strong>in</strong></span> <span class='ocrx_word' id='word_1_207' title='bbox 1267 2145 1393 2194; x_wconf 83' lang='lat' dir='ltr'><strong>emicomrn</strong></span> <span class='ocrx_word' id='word_1_208' title='bbox 1407 2145 1467 2196; x_wconf 78' lang='lat' dir='ltr'><strong>filiis</strong></span> 
     </span>
     <span class='ocr_line' id='line_1_21' title="bbox 366 2226 1466 2294; baseline 0.002 -20"><span class='ocrx_word' id='word_1_209' title='bbox 366 2226 524 2290; x_wconf 75' lang='lat' dir='ltr'><strong>deprecendis</strong></span> <span class='ocrx_word' id='word_1_210' title='bbox 539 2227 565 2276; x_wconf 91' lang='lat' dir='ltr'><strong>id</strong></span> <span class='ocrx_word' id='word_1_211' title='bbox 576 2229 653 2277; x_wconf 88' lang='lat' dir='ltr'><strong>subire</strong></span> <span class='ocrx_word' id='word_1_212' title='bbox 663 2229 772 2293; x_wconf 85' lang='lat' dir='ltr'><strong>periculi,</strong></span> <span class='ocrx_word' id='word_1_213' title='bbox 789 2245 838 2294; x_wconf 88' lang='lat' dir='ltr'><strong>quo</strong></span> <span class='ocrx_word' id='word_1_214' title='bbox 856 2231 921 2294; x_wconf 90' lang='lat' dir='ltr'><strong>spud</strong></span> <span class='ocrx_word' id='word_1_215' title='bbox 940 2229 1116 2278; x_wconf 85' lang='lat' dir='ltr'><strong>edulesesotuss</strong></span> <span class='ocrx_word' id='word_1_216' title='bbox 1130 2227 1273 2277; x_wconf 91' lang='lat' dir='ltr'><strong>domesticos</strong></span> <span class='ocrx_word' id='word_1_217' title='bbox 1289 2227 1466 2276; x_wconf 67' lang='lat' dir='ltr'><strong>mationem</strong></span> 
     </span>
     <span class='ocr_line' id='line_1_22' title="bbox 367 2305 1467 2375; baseline 0 -21"><span class='ocrx_word' id='word_1_218' title='bbox 367 2305 492 2355; x_wconf 84' lang='lat' dir='ltr'><strong>meeimem</strong></span> <span class='ocrx_word' id='word_1_219' title='bbox 503 2323 640 2356; x_wconf 81' lang='lat' dir='ltr'><strong>mercemur.</strong></span> <span class='ocrx_word' id='word_1_220' title='bbox 672 2309 799 2374; x_wconf 68' lang='lat' dir='ltr'><strong>Equidem,</strong></span> <span class='ocrx_word' id='word_1_221' title='bbox 810 2327 825 2358; x_wconf 92' lang='lat' dir='ltr'><strong>o</strong></span> <span class='ocrx_word' id='word_1_222' title='bbox 836 2310 978 2375; x_wconf 73' lang='lat' dir='ltr'><strong>Lysimecbe</strong></span> <span class='ocrx_word' id='word_1_223' title='bbox 988 2317 1061 2374; x_wconf 88' lang='lat' dir='ltr'><strong>etque</strong></span> <span class='ocrx_word' id='word_1_224' title='bbox 1071 2309 1182 2368; x_wconf 85' lang='lat' dir='ltr'><strong>bielcsie,</strong></span> <span class='ocrx_word' id='word_1_225' title='bbox 1193 2308 1226 2357; x_wconf 92' lang='lat' dir='ltr'><strong>de</strong></span> <span class='ocrx_word' id='word_1_226' title='bbox 1235 2308 1337 2374; x_wconf 88' lang='lat' dir='ltr'><strong>meipso</strong></span> <span class='ocrx_word' id='word_1_227' title='bbox 1347 2307 1373 2356; x_wconf 87' lang='lat' dir='ltr'><strong>in</strong></span> <span class='ocrx_word' id='word_1_228' title='bbox 1384 2307 1467 2373; x_wconf 89' lang='lat' dir='ltr'><strong>primis</strong></span> 
     </span>
     <span class='ocr_line' id='line_1_23' title="bbox 367 2388 1463 2455; baseline 0.002 -19"><span class='ocrx_word' id='word_1_229' title='bbox 367 2401 455 2445; x_wconf 87' lang='lat' dir='ltr'><strong>essero,</strong></span> <span class='ocrx_word' id='word_1_230' title='bbox 466 2388 556 2437; x_wconf 85' lang='lat' dir='ltr'><strong>nullum</strong></span> <span class='ocrx_word' id='word_1_231' title='bbox 567 2389 611 2438; x_wconf 86' lang='lat' dir='ltr'><strong>bec</strong></span> <span class='ocrx_word' id='word_1_232' title='bbox 622 2391 653 2438; x_wconf 89' lang='lat' dir='ltr'><strong>de</strong></span> <span class='ocrx_word' id='word_1_233' title='bbox 663 2405 687 2438; x_wconf 88' lang='lat' dir='ltr'><strong>re</strong></span> <span class='ocrx_word' id='word_1_234' title='bbox 698 2389 756 2438; x_wconf 88' lang='lat' dir='ltr'><strong>mibi</strong></span> <span class='ocrx_word' id='word_1_235' title='bbox 768 2391 902 2454; x_wconf 76' lang='lat' dir='ltr'><strong>negistruru</strong></span> <span class='ocrx_word' id='word_1_236' title='bbox 913 2391 1038 2446; x_wconf 78' lang='lat' dir='ltr'><strong>exstitisse,</strong></span> <span class='ocrx_word' id='word_1_237' title='bbox 1049 2404 1184 2455; x_wconf 85' lang='lat' dir='ltr'><strong>quenqnem</strong></span> <span class='ocrx_word' id='word_1_238' title='bbox 1195 2398 1302 2438; x_wconf 81' lang='lat' dir='ltr'><strong>stertere</strong></span> <span class='ocrx_word' id='word_1_239' title='bbox 1315 2395 1387 2438; x_wconf 88' lang='lat' dir='ltr'><strong>estete</strong></span> <span class='ocrx_word' id='word_1_240' title='bbox 1402 2403 1463 2438; x_wconf 85' lang='lat' dir='ltr'><strong>sens·</strong></span> 
     </span>
     <span class='ocr_line' id='line_1_24' title="bbox 368 2467 1464 2537; baseline 0.004 -23"><span class='ocrx_word' id='word_1_241' title='bbox 368 2481 469 2530; x_wconf 83' lang='lat' dir='ltr'><strong>persero</strong></span> <span class='ocrx_word' id='word_1_242' title='bbox 480 2467 541 2518; x_wconf 82' lang='lat' dir='ltr'><strong>lunc</strong></span> <span class='ocrx_word' id='word_1_243' title='bbox 559 2470 675 2519; x_wconf 76' lang='lat' dir='ltr'><strong>effecturi.</strong></span> <span class='ocrx_word' id='word_1_244' title='bbox 692 2487 772 2520; x_wconf 83' lang='lat' dir='ltr'><strong>vernus</strong></span> <span class='ocrx_word' id='word_1_245' title='bbox 789 2483 868 2521; x_wconf 74' lang='lat' dir='ltr'><strong>umen</strong></span> <span class='ocrx_word' id='word_1_246' title='bbox 886 2472 998 2537; x_wconf 79' lang='lat' dir='ltr'><strong>sophistis</strong></span> <span class='ocrx_word' id='word_1_247' title='bbox 1016 2473 1146 2522; x_wconf 86' lang='lat' dir='ltr'><strong>mercedem</strong></span> <span class='ocrx_word' id='word_1_248' title='bbox 1162 2471 1251 2520; x_wconf 81' lang='lat' dir='ltr'><strong>soltnse</strong></span> <span class='ocrx_word' id='word_1_249' title='bbox 1268 2485 1316 2518; x_wconf 89' lang='lat' dir='ltr'><strong>non</strong></span> <span class='ocrx_word' id='word_1_250' title='bbox 1326 2469 1407 2533; x_wconf 83' lang='lat' dir='ltr'><strong>sslco,</strong></span> <span class='ocrx_word' id='word_1_251' title='bbox 1423 2469 1464 2535; x_wconf 90' lang='lat' dir='ltr'><strong>qni</strong></span> 
     </span>
     <span class='ocr_line' id='line_1_25' title="bbox 369 2545 1464 2618; baseline 0.007 -24"><span class='ocrx_word' id='word_1_252' title='bbox 369 2545 413 2594; x_wconf 89' lang='lat' dir='ltr'><strong>soli</strong></span> <span class='ocrx_word' id='word_1_253' title='bbox 430 2546 530 2610; x_wconf 81' lang='lat' dir='ltr'><strong>polliciti</strong></span> <span class='ocrx_word' id='word_1_254' title='bbox 545 2557 599 2598; x_wconf 91' lang='lat' dir='ltr'><strong>sunt</strong></span> <span class='ocrx_word' id='word_1_255' title='bbox 614 2551 700 2600; x_wconf 87' lang='grc' dir='ltr'><strong>δοιιιιιι</strong></span> <span class='ocrx_word' id='word_1_256' title='bbox 719 2567 755 2601; x_wconf 91' lang='lat' dir='ltr'><strong>me</strong></span> <span class='ocrx_word' id='word_1_257' title='bbox 772 2560 797 2602; x_wconf 93' lang='lat' dir='ltr'><strong>et</strong></span> <span class='ocrx_word' id='word_1_258' title='bbox 814 2553 902 2602; x_wconf 89' lang='lat' dir='ltr'><strong>clerum</strong></span> <span class='ocrx_word' id='word_1_259' title='bbox 919 2553 1019 2604; x_wconf 78' lang='lat' dir='ltr'><strong>efficere.</strong></span> <span class='ocrx_word' id='word_1_260' title='bbox 1038 2553 1155 2618; x_wconf 89' lang='lat' dir='ltr'><strong>lpserero</strong></span> <span class='ocrx_word' id='word_1_261' title='bbox 1171 2550 1266 2616; x_wconf 86' lang='lat' dir='ltr'><strong>proprio</strong></span> <span class='ocrx_word' id='word_1_262' title='bbox 1283 2551 1464 2616; x_wconf 72' lang='lat' dir='ltr'><strong>ingenioertcm</strong></span> 
     </span>
    </p>
   </div>
   <div class='ocr_carea' id='block_1_4' title="bbox 306 2626 1468 4640">
    <p class='ocr_par' dir='ltr' id='par_1_4' title="bbox 306 2626 1468 4640">
     <span class='ocr_line' id='line_1_26' title="bbox 368 2626 1466 2697; baseline 0.008 -24"><span class='ocrx_word' id='word_1_263' title='bbox 368 2626 430 2676; x_wconf 89' lang='lat' dir='ltr'><strong>benc</strong></span> <span class='ocrx_word' id='word_1_264' title='bbox 440 2626 626 2679; x_wconf 77' lang='lat' dir='ltr'><strong>invenire&#39;etirun</strong></span> <span class='ocrx_word' id='word_1_265' title='bbox 636 2647 700 2681; x_wconf 92' lang='lat' dir='ltr'><strong>nunc</strong></span> <span class='ocrx_word' id='word_1_266' title='bbox 712 2632 806 2682; x_wconf 86' lang='lat' dir='ltr'><strong>minime</strong></span> <span class='ocrx_word' id='word_1_267' title='bbox 815 2649 919 2697; x_wconf 88' lang='lat' dir='ltr'><strong>possum.</strong></span> <span class='ocrx_word' id='word_1_268' title='bbox 953 2634 1032 2691; x_wconf 86' lang='lat' dir='ltr'><strong>Quem</strong></span> <span class='ocrx_word' id='word_1_269' title='bbox 1044 2634 1063 2682; x_wconf 87' lang='lat' dir='ltr'><strong>el</strong></span> <span class='ocrx_word' id='word_1_270' title='bbox 1073 2632 1156 2682; x_wconf 83' lang='lat' dir='ltr'><strong>Niciss</strong></span> <span class='ocrx_word' id='word_1_271' title='bbox 1166 2632 1205 2680; x_wconf 89' lang='lat' dir='ltr'><strong>bic</strong></span> <span class='ocrx_word' id='word_1_272' title='bbox 1214 2631 1253 2680; x_wconf 87' lang='lat' dir='ltr'><strong>rel</strong></span> <span class='ocrx_word' id='word_1_273' title='bbox 1264 2631 1355 2680; x_wconf 80' lang='lat' dir='ltr'><strong>Iecbes</strong></span> <span class='ocrx_word' id='word_1_274' title='bbox 1364 2633 1466 2692; x_wconf 80' lang='lat' dir='ltr'><strong>invenit,</strong></span> 
     </span>
     <span class='ocr_line' id='line_1_27' title="bbox 367 2708 1467 2776; baseline 0.008 -22"><span class='ocrx_word' id='word_1_275' title='bbox 367 2708 404 2756; x_wconf 82' lang='lat' dir='ltr'><strong>sel</strong></span> <span class='ocrx_word' id='word_1_276' title='bbox 416 2708 508 2767; x_wconf 78' lang='lat' dir='ltr'><strong>didicit,</strong></span> <span class='ocrx_word' id='word_1_277' title='bbox 519 2711 582 2760; x_wconf 87' lang='lat' dir='ltr'><strong>bend</strong></span> <span class='ocrx_word' id='word_1_278' title='bbox 594 2712 704 2776; x_wconf 87' lang='lat' dir='ltr'><strong>equidem</strong></span> <span class='ocrx_word' id='word_1_279' title='bbox 714 2711 854 2762; x_wconf 88' lang='lat' dir='ltr'><strong>sdmirebor.</strong></span> <span class='ocrx_word' id='word_1_280' title='bbox 869 2712 958 2762; x_wconf 81' lang='lat' dir='ltr'><strong>etenim</strong></span> <span class='ocrx_word' id='word_1_281' title='bbox 970 2713 1076 2776; x_wconf 83' lang='lat' dir='ltr'><strong>pecuniis</strong></span> <span class='ocrx_word' id='word_1_282' title='bbox 1087 2712 1161 2776; x_wconf 73' lang='lat' dir='ltr'><strong>megin</strong></span> <span class='ocrx_word' id='word_1_283' title='bbox 1177 2712 1309 2776; x_wconf 65' lang='lat' dir='ltr'><strong>mundent,</strong></span> <span class='ocrx_word' id='word_1_284' title='bbox 1324 2719 1352 2760; x_wconf 89' lang='lat' dir='ltr'><strong>nt</strong></span> <span class='ocrx_word' id='word_1_285' title='bbox 1365 2715 1398 2762; x_wconf 94' lang='grc' dir='ltr'><strong>ιδ</strong></span> <span class='ocrx_word' id='word_1_286' title='bbox 1414 2715 1467 2763; x_wconf 86' lang='lat' dir='ltr'><strong>eliis</strong></span> 
     </span>
     <span class='ocr_line' id='line_1_28' title="bbox 367 2788 1466 2856; baseline 0.007 -19"><span class='ocrx_word' id='word_1_287' title='bbox 367 2788 458 2838; x_wconf 81' lang='lat' dir='ltr'><strong>discere</strong></span> <span class='ocrx_word' id='word_1_288' title='bbox 468 2801 571 2853; x_wconf 86' lang='lat' dir='ltr'><strong>queent=</strong></span> <span class='ocrx_word' id='word_1_289' title='bbox 589 2800 614 2840; x_wconf 88' lang='lat' dir='ltr'><strong>et</strong></span> <span class='ocrx_word' id='word_1_290' title='bbox 624 2791 727 2842; x_wconf 85' lang='lat' dir='ltr'><strong>seniores</strong></span> <span class='ocrx_word' id='word_1_291' title='bbox 736 2803 802 2856; x_wconf 87' lang='lat' dir='ltr'><strong>sunt,</strong></span> <span class='ocrx_word' id='word_1_292' title='bbox 811 2801 837 2840; x_wconf 91' lang='lat' dir='ltr'><strong>nt</strong></span> <span class='ocrx_word' id='word_1_293' title='bbox 844 2792 895 2856; x_wconf 84' lang='lat' dir='ltr'><strong>jem</strong></span> <span class='ocrx_word' id='word_1_294' title='bbox 906 2791 1012 2841; x_wconf 79' lang='lat' dir='ltr'><strong>invenire</strong></span> <span class='ocrx_word' id='word_1_295' title='bbox 1023 2792 1152 2856; x_wconf 85' lang='lat' dir='ltr'><strong>potuerint.</strong></span> <span class='ocrx_word' id='word_1_296' title='bbox 1184 2792 1305 2842; x_wconf 86' lang='lat' dir='ltr'><strong>Videntur</strong></span> <span class='ocrx_word' id='word_1_297' title='bbox 1315 2800 1394 2842; x_wconf 83' lang='lat' dir='ltr'><strong>sotem</strong></span> <span class='ocrx_word' id='word_1_298' title='bbox 1405 2797 1466 2845; x_wconf 88' lang='lat' dir='ltr'><strong>mibi</strong></span> 
     </span>
     <span class='ocr_line' id='line_1_29' title="bbox 368 2872 1467 2939; baseline 0.005 -19"><span class='ocrx_word' id='word_1_299' title='bbox 368 2873 398 2920; x_wconf 91' lang='lat' dir='ltr'><strong>ed</strong></span> <span class='ocrx_word' id='word_1_300' title='bbox 410 2873 564 2921; x_wconf 88' lang='lat' dir='ltr'><strong>erudiendum</strong></span> <span class='ocrx_word' id='word_1_301' title='bbox 575 2873 689 2922; x_wconf 82' lang='lat' dir='ltr'><strong>sufficere.</strong></span> <span class='ocrx_word' id='word_1_302' title='bbox 705 2874 856 2939; x_wconf 87' lang='lat' dir='ltr'><strong>nequeenim</strong></span> <span class='ocrx_word' id='word_1_303' title='bbox 867 2887 944 2938; x_wconf 88' lang='lat' dir='ltr'><strong>nsque</strong></span> <span class='ocrx_word' id='word_1_304' title='bbox 958 2873 1020 2922; x_wconf 88' lang='lat' dir='ltr'><strong>eden</strong></span> <span class='ocrx_word' id='word_1_305' title='bbox 1030 2872 1148 2938; x_wconf 83' lang='lat' dir='ltr'><strong>intrepide</strong></span> <span class='ocrx_word' id='word_1_306' title='bbox 1157 2874 1189 2922; x_wconf 90' lang='lat' dir='ltr'><strong>de</strong></span> <span class='ocrx_word' id='word_1_307' title='bbox 1200 2873 1284 2922; x_wconf 87' lang='lat' dir='ltr'><strong>studiis</strong></span> <span class='ocrx_word' id='word_1_308' title='bbox 1300 2872 1384 2938; x_wconf 73' lang='lat' dir='ltr'><strong>juven</strong></span> <span class='ocrx_word' id='word_1_309' title='bbox 1396 2876 1467 2926; x_wconf 78' lang='lat' dir='ltr'><strong>bonis</strong></span> 
     </span>
     <span class='ocr_line' id='line_1_30' title="bbox 367 2953 1466 3022; baseline 0.005 -22"><span class='ocrx_word' id='word_1_310' title='bbox 367 2953 407 3002; x_wconf 82' lang='lat' dir='ltr'><strong>sei</strong></span> <span class='ocrx_word' id='word_1_311' title='bbox 417 2953 484 3001; x_wconf 87' lang='lat' dir='ltr'><strong>melis</strong></span> <span class='ocrx_word' id='word_1_312' title='bbox 493 2954 640 3012; x_wconf 87' lang='lat' dir='ltr'><strong>ststoissent,</strong></span> <span class='ocrx_word' id='word_1_313' title='bbox 649 2954 696 3003; x_wconf 90' lang='lat' dir='ltr'><strong>nisi</strong></span> <span class='ocrx_word' id='word_1_314' title='bbox 708 2961 830 3019; x_wconf 82' lang='lat' dir='ltr'><strong>pntesscnt</strong></span> <span class='ocrx_word' id='word_1_315' title='bbox 840 2953 982 3003; x_wconf 80' lang='lat' dir='ltr'><strong>sufficientes</strong></span> <span class='ocrx_word' id='word_1_316' title='bbox 992 2955 1044 3004; x_wconf 82' lang='lat' dir='ltr'><strong>hec</strong></span> <span class='ocrx_word' id='word_1_317' title='bbox 1058 2969 1209 3018; x_wconf 76' lang='lat' dir='ltr'><strong>cognoscere.</strong></span> <span class='ocrx_word' id='word_1_318' title='bbox 1242 2953 1328 3005; x_wconf 81' lang='lat' dir='ltr'><strong>cetere</strong></span> <span class='ocrx_word' id='word_1_319' title='bbox 1340 2955 1379 3005; x_wconf 81' lang='lat' dir='ltr'><strong>bis</strong></span> <span class='ocrx_word' id='word_1_320' title='bbox 1396 2959 1466 3022; x_wconf 87' lang='lat' dir='ltr'><strong>eqni·</strong></span> 
     </span>
     <span class='ocr_line' id='line_1_31' title="bbox 367 3034 1468 3102; baseline 0 -18"><span class='ocrx_word' id='word_1_321' title='bbox 367 3035 421 3084; x_wconf 88' lang='lat' dir='ltr'><strong>dens</strong></span> <span class='ocrx_word' id='word_1_322' title='bbox 433 3038 521 3088; x_wconf 89' lang='lat' dir='ltr'><strong>credo:</strong></span> <span class='ocrx_word' id='word_1_323' title='bbox 539 3036 603 3101; x_wconf 91' lang='lat' dir='ltr'><strong>quod</strong></span> <span class='ocrx_word' id='word_1_324' title='bbox 614 3051 669 3086; x_wconf 85' lang='lat' dir='ltr'><strong>vero</strong></span> <span class='ocrx_word' id='word_1_325' title='bbox 679 3035 829 3095; x_wconf 76' lang='lat' dir='ltr'><strong>dissentient,</strong></span> <span class='ocrx_word' id='word_1_326' title='bbox 847 3037 974 3086; x_wconf 86' lang='lat' dir='ltr'><strong>sdmiretos</strong></span> <span class='ocrx_word' id='word_1_327' title='bbox 992 3051 1052 3086; x_wconf 90' lang='lat' dir='ltr'><strong>sum.</strong></span> <span class='ocrx_word' id='word_1_328' title='bbox 1084 3034 1161 3101; x_wconf 78' lang='lat' dir='ltr'><strong>Atqui</strong></span> <span class='ocrx_word' id='word_1_329' title='bbox 1172 3035 1371 3100; x_wconf 86' lang='lat' dir='ltr'><strong>qnemsdrnodnm</strong></span> <span class='ocrx_word' id='word_1_330' title='bbox 1388 3051 1468 3102; x_wconf 83' lang='lat' dir='ltr'><strong>nuper</strong></span> 
     </span>
     <span class='ocr_line' id='line_1_32' title="bbox 367 3115 1466 3182; baseline 0 -16"><span class='ocrx_word' id='word_1_331' title='bbox 367 3116 458 3166; x_wconf 88' lang='lat' dir='ltr'><strong>Lecbes</strong></span> <span class='ocrx_word' id='word_1_332' title='bbox 466 3117 575 3182; x_wconf 88' lang='lat' dir='ltr'><strong>jubebet,</strong></span> <span class='ocrx_word' id='word_1_333' title='bbox 586 3133 616 3166; x_wconf 91' lang='lat' dir='ltr'><strong>ne</strong></span> <span class='ocrx_word' id='word_1_334' title='bbox 627 3133 665 3167; x_wconf 87' lang='lat' dir='ltr'><strong>mc</strong></span> <span class='ocrx_word' id='word_1_335' title='bbox 674 3115 812 3177; x_wconf 80' lang='lat' dir='ltr'><strong>dimitteres,</strong></span> <span class='ocrx_word' id='word_1_336' title='bbox 823 3119 865 3167; x_wconf 93' lang='lat' dir='ltr'><strong>scd</strong></span> <span class='ocrx_word' id='word_1_337' title='bbox 878 3117 1061 3182; x_wconf 85' lang='lat' dir='ltr'><strong>percontereris:</strong></span> <span class='ocrx_word' id='word_1_338' title='bbox 1080 3117 1114 3167; x_wconf 87' lang='lat' dir='ltr'><strong>ite</strong></span> <span class='ocrx_word' id='word_1_339' title='bbox 1124 3131 1187 3166; x_wconf 87' lang='lat' dir='ltr'><strong>nnnc</strong></span> <span class='ocrx_word' id='word_1_340' title='bbox 1198 3133 1244 3180; x_wconf 77' lang='lat' dir='ltr'><strong>ego</strong></span> <span class='ocrx_word' id='word_1_341' title='bbox 1259 3115 1360 3166; x_wconf 78' lang='lat' dir='ltr'><strong>vicissim</strong></span> <span class='ocrx_word' id='word_1_342' title='bbox 1372 3123 1397 3166; x_wconf 86' lang='lat' dir='ltr'><strong>te</strong></span> <span class='ocrx_word' id='word_1_343' title='bbox 1407 3133 1466 3182; x_wconf 76' lang='lat' dir='ltr'><strong>rogo</strong></span> 
     </span>
     <span class='ocr_line' id='line_1_33' title="bbox 363 3197 1467 3264; baseline 0.001 -18"><span class='ocrx_word' id='word_1_344' title='bbox 363 3197 496 3264; x_wconf 85' lang='lat' dir='ltr'><strong>jubeoque,</strong></span> <span class='ocrx_word' id='word_1_345' title='bbox 514 3199 664 3264; x_wconf 74' lang='lat' dir='ltr'><strong>Lysimeche,</strong></span> <span class='ocrx_word' id='word_1_346' title='bbox 683 3213 713 3248; x_wconf 85' lang='lat' dir='ltr'><strong>nc</strong></span> <span class='ocrx_word' id='word_1_347' title='bbox 733 3198 860 3248; x_wconf 84' lang='lat' dir='ltr'><strong>Inchetsm</strong></span> <span class='ocrx_word' id='word_1_348' title='bbox 878 3197 1021 3264; x_wconf 86' lang='lat' dir='ltr'><strong>Nicismqne</strong></span> <span class='ocrx_word' id='word_1_349' title='bbox 1039 3199 1154 3260; x_wconf 81' lang='lat' dir='ltr'><strong>dimittes,</strong></span> <span class='ocrx_word' id='word_1_350' title='bbox 1169 3199 1211 3248; x_wconf 87' lang='lat' dir='ltr'><strong>sed</strong></span> <span class='ocrx_word' id='word_1_351' title='bbox 1229 3199 1260 3248; x_wconf 84' lang='lat' dir='ltr'><strong>sb</strong></span> <span class='ocrx_word' id='word_1_352' title='bbox 1277 3198 1313 3246; x_wconf 81' lang='lat' dir='ltr'><strong>bb</strong></span> <span class='ocrx_word' id='word_1_353' title='bbox 1328 3198 1467 3263; x_wconf 83' lang='lat' dir='ltr'><strong>scisciteris,</strong></span> 
     </span>
     <span class='ocr_line' id='line_1_34' title="bbox 367 3278 1467 3344; baseline 0.001 -15"><span class='ocrx_word' id='word_1_354' title='bbox 367 3281 450 3329; x_wconf 88' lang='lat' dir='ltr'><strong>diceus</strong></span> <span class='ocrx_word' id='word_1_355' title='bbox 460 3280 494 3328; x_wconf 90' lang='lat' dir='ltr'><strong>eis</strong></span> <span class='ocrx_word' id='word_1_356' title='bbox 504 3281 624 3330; x_wconf 80' lang='lat' dir='ltr'><strong>Sodntem</strong></span> <span class='ocrx_word' id='word_1_357' title='bbox 634 3280 731 3342; x_wconf 86' lang='lat' dir='ltr'><strong>dixisse,</strong></span> <span class='ocrx_word' id='word_1_358' title='bbox 738 3281 789 3329; x_wconf 73' lang='lat' dir='ltr'><strong>‘mm</strong></span> <span class='ocrx_word' id='word_1_359' title='bbox 799 3281 874 3344; x_wconf 88' lang='lat' dir='ltr'><strong>ipsem</strong></span> <span class='ocrx_word' id='word_1_360' title='bbox 886 3295 934 3329; x_wconf 89' lang='lat' dir='ltr'><strong>non</strong></span> <span class='ocrx_word' id='word_1_361' title='bbox 942 3279 1083 3344; x_wconf 69' lang='lat' dir='ltr'><strong>intelligere,</strong></span> <span class='ocrx_word' id='word_1_362' title='bbox 1094 3294 1173 3344; x_wconf 87' lang='lat' dir='ltr'><strong>neque</strong></span> <span class='ocrx_word' id='word_1_363' title='bbox 1183 3278 1312 3344; x_wconf 77' lang='lat' dir='ltr'><strong>dijudicem</strong></span> <span class='ocrx_word' id='word_1_364' title='bbox 1320 3291 1398 3341; x_wconf 88' lang='lat' dir='ltr'><strong>posse,</strong></span> <span class='ocrx_word' id='word_1_365' title='bbox 1411 3281 1467 3344; x_wconf 86' lang='lat' dir='ltr'><strong>quis</strong></span> 
     </span>
     <span class='ocr_line' id='line_1_35' title="bbox 306 3357 1467 3427; baseline 0 -17"><span class='ocrx_word' id='word_1_366' title='bbox 306 3385 311 3398; x_wconf 86' lang='lat'><strong>·</strong></span> <span class='ocrx_word' id='word_1_367' title='bbox 367 3369 469 3410; x_wconf 85' lang='lat' dir='ltr'><strong>restrum</strong></span> <span class='ocrx_word' id='word_1_368' title='bbox 480 3376 534 3410; x_wconf 81' lang='lat' dir='ltr'><strong>vere</strong></span> <span class='ocrx_word' id='word_1_369' title='bbox 544 3362 669 3426; x_wconf 79' lang='lat' dir='ltr'><strong>loqustnrs</strong></span> <span class='ocrx_word' id='word_1_370' title='bbox 686 3363 777 3427; x_wconf 87' lang='lat' dir='ltr'><strong>quippe</strong></span> <span class='ocrx_word' id='word_1_371' title='bbox 788 3377 841 3412; x_wconf 81' lang='lat' dir='ltr'><strong>cunr</strong></span> <span class='ocrx_word' id='word_1_372' title='bbox 853 3377 898 3410; x_wconf 89' lang='lat' dir='ltr'><strong>nec</strong></span> <span class='ocrx_word' id='word_1_373' title='bbox 906 3361 1013 3410; x_wconf 81' lang='lat' dir='ltr'><strong>inventur</strong></span> <span class='ocrx_word' id='word_1_374' title='bbox 1024 3363 1104 3410; x_wconf 81' lang='lat' dir='ltr'><strong>berum</strong></span> <span class='ocrx_word' id='word_1_375' title='bbox 1115 3375 1191 3409; x_wconf 85' lang='lat' dir='ltr'><strong>rerum</strong></span> <span class='ocrx_word' id='word_1_376' title='bbox 1200 3357 1427 3424; x_wconf 82' lang='lat' dir='ltr'><strong>ipselnerit,neqne</strong></span> <span class='ocrx_word' id='word_1_377' title='bbox 1435 3363 1467 3410; x_wconf 90' lang='lat' dir='ltr'><strong>eb</strong></span> 
     </span>
     <span class='ocr_line' id='line_1_36' title="bbox 366 3439 1465 3506; baseline 0.001 -16"><span class='ocrx_word' id='word_1_378' title='bbox 366 3442 415 3490; x_wconf 88' lang='lat' dir='ltr'><strong>elio</strong></span> <span class='ocrx_word' id='word_1_379' title='bbox 425 3443 527 3492; x_wconf 74' lang='grc' dir='ltr'><strong>ἁοιειιιι</strong></span> <span class='ocrx_word' id='word_1_380' title='bbox 546 3443 665 3493; x_wconf 86' lang='lat' dir='ltr'><strong>didicerit.</strong></span> <span class='ocrx_word' id='word_1_381' title='bbox 695 3443 733 3492; x_wconf 88' lang='lat' dir='ltr'><strong>Tu</strong></span> <span class='ocrx_word' id='word_1_382' title='bbox 744 3451 832 3506; x_wconf 88' lang='lat' dir='ltr'><strong>entem,</strong></span> <span class='ocrx_word' id='word_1_383' title='bbox 849 3443 939 3492; x_wconf 78' lang='lat' dir='ltr'><strong>hebes</strong></span> <span class='ocrx_word' id='word_1_384' title='bbox 952 3457 980 3490; x_wconf 91' lang='lat' dir='ltr'><strong>ec</strong></span> <span class='ocrx_word' id='word_1_385' title='bbox 995 3441 1078 3500; x_wconf 90' lang='lat' dir='ltr'><strong>Nicie,</strong></span> <span class='ocrx_word' id='word_1_386' title='bbox 1094 3441 1168 3490; x_wconf 85' lang='lat' dir='ltr'><strong>dieite</strong></span> <span class='ocrx_word' id='word_1_387' title='bbox 1185 3442 1279 3506; x_wconf 85' lang='lat' dir='ltr'><strong>utrique</strong></span> <span class='ocrx_word' id='word_1_388' title='bbox 1294 3439 1372 3497; x_wconf 86' lang='lat' dir='ltr'><strong>nobis,</strong></span> <span class='ocrx_word' id='word_1_389' title='bbox 1390 3456 1465 3506; x_wconf 87' lang='lat' dir='ltr'><strong>quem</strong></span> 
     </span>
     <span class='ocr_line' id='line_1_37' title="bbox 368 3520 1465 3588; baseline 0.002 -18"><span class='ocrx_word' id='word_1_390' title='bbox 368 3521 431 3570; x_wconf 88' lang='lat' dir='ltr'><strong>circe</strong></span> <span class='ocrx_word' id='word_1_391' title='bbox 439 3520 552 3584; x_wconf 80' lang='lat' dir='ltr'><strong>juvenum</strong></span> <span class='ocrx_word' id='word_1_392' title='bbox 564 3523 729 3574; x_wconf 85' lang='lat' dir='ltr'><strong>educetionem</strong></span> <span class='ocrx_word' id='word_1_393' title='bbox 740 3525 902 3574; x_wconf 89' lang='lat' dir='ltr'><strong>doctissimum</strong></span> <span class='ocrx_word' id='word_1_394' title='bbox 910 3523 1083 3573; x_wconf 78' lang='lat' dir='ltr'><strong>conveneritisc</strong></span> <span class='ocrx_word' id='word_1_395' title='bbox 1099 3530 1125 3571; x_wconf 93' lang='lat' dir='ltr'><strong>et</strong></span> <span class='ocrx_word' id='word_1_396' title='bbox 1135 3531 1211 3570; x_wconf 77' lang='lat' dir='ltr'><strong>uuum</strong></span> <span class='ocrx_word' id='word_1_397' title='bbox 1219 3523 1465 3588; x_wconf 84' lang='lat' dir='ltr'><strong>discentesebeliqno</strong></span> 
     </span>
     <span class='ocr_line' id='line_1_38' title="bbox 368 3599 1464 3668; baseline 0.004 -19"><span class='ocrx_word' id='word_1_398' title='bbox 368 3599 448 3649; x_wconf 89' lang='lat' dir='ltr'><strong>scietis</strong></span> <span class='ocrx_word' id='word_1_399' title='bbox 460 3602 519 3657; x_wconf 84' lang='lat' dir='ltr'><strong>brec,</strong></span> <span class='ocrx_word' id='word_1_400' title='bbox 531 3617 561 3650; x_wconf 88' lang='lat' dir='ltr'><strong>en</strong></span> <span class='ocrx_word' id='word_1_401' title='bbox 571 3604 619 3667; x_wconf 90' lang='lat' dir='ltr'><strong>ipsi</strong></span> <span class='ocrx_word' id='word_1_402' title='bbox 628 3606 709 3668; x_wconf 85' lang='lat' dir='ltr'><strong>potius</strong></span> <span class='ocrx_word' id='word_1_403' title='bbox 719 3606 852 3655; x_wconf 82' lang='lat' dir='ltr'><strong>inventores</strong></span> <span class='ocrx_word' id='word_1_404' title='bbox 862 3605 921 3654; x_wconf 89' lang='lat' dir='ltr'><strong>sitis.</strong></span> <span class='ocrx_word' id='word_1_405' title='bbox 955 3605 1027 3662; x_wconf 85' lang='lat' dir='ltr'><strong>Quod</strong></span> <span class='ocrx_word' id='word_1_406' title='bbox 1039 3604 1058 3652; x_wconf 94' lang='lat' dir='ltr'><strong>si</strong></span> <span class='ocrx_word' id='word_1_407' title='bbox 1069 3603 1194 3660; x_wconf 85' lang='lat' dir='ltr'><strong>didicistis,</strong></span> <span class='ocrx_word' id='word_1_408' title='bbox 1213 3603 1265 3667; x_wconf 87' lang='lat' dir='ltr'><strong>quis</strong></span> <span class='ocrx_word' id='word_1_409' title='bbox 1280 3603 1404 3668; x_wconf 75' lang='lat' dir='ltr'><strong>uniusque</strong></span> <span class='ocrx_word' id='word_1_410' title='bbox 1414 3621 1464 3653; x_wconf 86' lang='lat' dir='ltr'><strong>me·</strong></span> 
     </span>
     <span class='ocr_line' id='line_1_39' title="bbox 368 3679 1465 3751; baseline 0.005 -25"><span class='ocrx_word' id='word_1_411' title='bbox 368 3679 457 3744; x_wconf 75' lang='lat' dir='ltr'><strong>gister?</strong></span> <span class='ocrx_word' id='word_1_412' title='bbox 473 3681 543 3744; x_wconf 86' lang='lat' dir='ltr'><strong>quire</strong></span> <span class='ocrx_word' id='word_1_413' title='bbox 554 3682 595 3730; x_wconf 89' lang='lat' dir='ltr'><strong>elii</strong></span> <span class='ocrx_word' id='word_1_414' title='bbox 612 3684 668 3732; x_wconf 86' lang='lat' dir='ltr'><strong>ertis</strong></span> <span class='ocrx_word' id='word_1_415' title='bbox 686 3684 791 3749; x_wconf 86' lang='lat' dir='ltr'><strong>ejusdem</strong></span> <span class='ocrx_word' id='word_1_416' title='bbox 802 3685 961 3751; x_wconf 76' lang='lat' dir='ltr'><strong>professores?</strong></span> <span class='ocrx_word' id='word_1_417' title='bbox 978 3693 1006 3733; x_wconf 93' lang='lat' dir='ltr'><strong>nt</strong></span> <span class='ocrx_word' id='word_1_418' title='bbox 1022 3684 1041 3732; x_wconf 92' lang='lat' dir='ltr'><strong>si</strong></span> <span class='ocrx_word' id='word_1_419' title='bbox 1060 3683 1138 3732; x_wconf 85' lang='lat' dir='ltr'><strong>minus</strong></span> <span class='ocrx_word' id='word_1_420' title='bbox 1155 3683 1229 3748; x_wconf 81' lang='grc'><strong>[187]</strong></span> <span class='ocrx_word' id='word_1_421' title='bbox 1246 3683 1313 3732; x_wconf 79' lang='lat' dir='ltr'><strong>vobis</strong></span> <span class='ocrx_word' id='word_1_422' title='bbox 1329 3684 1360 3732; x_wconf 89' lang='lat' dir='ltr'><strong>ed</strong></span> <span class='ocrx_word' id='word_1_423' title='bbox 1377 3684 1432 3732; x_wconf 74' lang='lat' dir='ltr'><strong>bec</strong></span> <span class='ocrx_word' id='word_1_424' title='bbox 1450 3701 1465 3732; x_wconf 94' lang='grc' dir='ltr'><strong>ι</strong></span> 
     </span>
     <span class='ocr_line' id='line_1_40' title="bbox 368 3758 1464 3830; baseline 0.005 -22"><span class='ocrx_word' id='word_1_425' title='bbox 368 3758 507 3824; x_wconf 71' lang='lat' dir='ltr'><strong>reipublice</strong></span> <span class='ocrx_word' id='word_1_426' title='bbox 530 3762 631 3824; x_wconf 74' lang='lat' dir='ltr'><strong>negotiis</strong></span> <span class='ocrx_word' id='word_1_427' title='bbox 657 3775 763 3827; x_wconf 83' lang='lat' dir='ltr'><strong>superest</strong></span> <span class='ocrx_word' id='word_1_428' title='bbox 786 3767 838 3830; x_wconf 88' lang='lat' dir='ltr'><strong>otii,</strong></span> <span class='ocrx_word' id='word_1_429' title='bbox 861 3781 902 3814; x_wconf 91' lang='lat' dir='ltr'><strong>eos</strong></span> <span class='ocrx_word' id='word_1_430' title='bbox 921 3766 1043 3826; x_wconf 87' lang='lat' dir='ltr'><strong>edesmns,</strong></span> <span class='ocrx_word' id='word_1_431' title='bbox 1067 3765 1295 3828; x_wconf 87' lang='lat' dir='ltr'><strong>persusdeemusque</strong></span> <span class='ocrx_word' id='word_1_432' title='bbox 1317 3762 1355 3812; x_wconf 87' lang='lat' dir='ltr'><strong>sel</strong></span> <span class='ocrx_word' id='word_1_433' title='bbox 1380 3778 1464 3814; x_wconf 83' lang='lat' dir='ltr'><strong>mnne·</strong></span> 
     </span>
     <span class='ocr_line' id='line_1_41' title="bbox 368 3841 1463 3910; baseline 0.003 -19"><span class='ocrx_word' id='word_1_434' title='bbox 368 3842 441 3898; x_wconf 84' lang='lat' dir='ltr'><strong>sibus,</strong></span> <span class='ocrx_word' id='word_1_435' title='bbox 459 3841 497 3889; x_wconf 86' lang='lat' dir='ltr'><strong>sel</strong></span> <span class='ocrx_word' id='word_1_436' title='bbox 514 3841 597 3906; x_wconf 75' lang='lat' dir='ltr'><strong>gretie,</strong></span> <span class='ocrx_word' id='word_1_437' title='bbox 615 3843 652 3891; x_wconf 88' lang='lat' dir='ltr'><strong>rel</strong></span> <span class='ocrx_word' id='word_1_438' title='bbox 678 3845 791 3910; x_wconf 83' lang='lat' dir='ltr'><strong>utrisque,</strong></span> <span class='ocrx_word' id='word_1_439' title='bbox 814 3855 885 3896; x_wconf 92' lang='lat' dir='ltr'><strong>utet</strong></span> <span class='ocrx_word' id='word_1_440' title='bbox 903 3855 1032 3895; x_wconf 87' lang='lat' dir='ltr'><strong>nostrornm</strong></span> <span class='ocrx_word' id='word_1_441' title='bbox 1050 3853 1077 3894; x_wconf 94' lang='lat' dir='ltr'><strong>et</strong></span> <span class='ocrx_word' id='word_1_442' title='bbox 1103 3851 1229 3894; x_wconf 81' lang='lat' dir='ltr'><strong>vestrorum</strong></span> <span class='ocrx_word' id='word_1_443' title='bbox 1247 3844 1349 3892; x_wconf 85' lang='lat' dir='ltr'><strong>liliorum</strong></span> <span class='ocrx_word' id='word_1_444' title='bbox 1382 3859 1463 3894; x_wconf 84' lang='lat' dir='ltr'><strong>cotem</strong></span> 
     </span>
     <span class='ocr_line' id='line_1_42' title="bbox 367 3923 1462 3992; baseline 0.003 -20"><span class='ocrx_word' id='word_1_445' title='bbox 367 3923 507 3987; x_wconf 78' lang='lat' dir='ltr'><strong>suscipient,</strong></span> <span class='ocrx_word' id='word_1_446' title='bbox 518 3938 549 3971; x_wconf 91' lang='lat' dir='ltr'><strong>ne</strong></span> <span class='ocrx_word' id='word_1_447' title='bbox 560 3923 659 3988; x_wconf 87' lang='lat' dir='ltr'><strong>improbi</strong></span> <span class='ocrx_word' id='word_1_448' title='bbox 667 3924 723 3974; x_wconf 81' lang='lat' dir='ltr'><strong>lecti</strong></span> <span class='ocrx_word' id='word_1_449' title='bbox 734 3927 861 3992; x_wconf 87' lang='lat' dir='ltr'><strong>mejeribus</strong></span> <span class='ocrx_word' id='word_1_450' title='bbox 872 3928 920 3976; x_wconf 90' lang='lat' dir='ltr'><strong>suis</strong></span> <span class='ocrx_word' id='word_1_451' title='bbox 931 3926 1042 3976; x_wconf 85' lang='lat' dir='ltr'><strong>dedecori</strong></span> <span class='ocrx_word' id='word_1_452' title='bbox 1060 3926 1115 3976; x_wconf 82' lang='lat' dir='ltr'><strong>sint.</strong></span> <span class='ocrx_word' id='word_1_453' title='bbox 1148 3926 1189 3976; x_wconf 81' lang='lat' dir='ltr'><strong>sin</strong></span> <span class='ocrx_word' id='word_1_454' title='bbox 1206 3933 1285 3974; x_wconf 86' lang='lat' dir='ltr'><strong>entem</strong></span> <span class='ocrx_word' id='word_1_455' title='bbox 1300 3925 1347 3988; x_wconf 89' lang='lat' dir='ltr'><strong>ipsi</strong></span> <span class='ocrx_word' id='word_1_456' title='bbox 1358 3940 1401 3974; x_wconf 84' lang='lat' dir='ltr'><strong>ros</strong></span> <span class='ocrx_word' id='word_1_457' title='bbox 1417 3927 1462 3975; x_wconf 89' lang='lat' dir='ltr'><strong>boc</strong></span> 
     </span>
     <span class='ocr_line' id='line_1_43' title="bbox 366 4005 1462 4073; baseline 0.003 -20"><span class='ocrx_word' id='word_1_458' title='bbox 366 4005 499 4064; x_wconf 80' lang='lat' dir='ltr'><strong>invenistis,</strong></span> <span class='ocrx_word' id='word_1_459' title='bbox 507 4005 621 4054; x_wconf 89' lang='lat' dir='ltr'><strong>sdducite</strong></span> <span class='ocrx_word' id='word_1_460' title='bbox 632 4006 656 4054; x_wconf 91' lang='lat' dir='ltr'><strong>in</strong></span> <span class='ocrx_word' id='word_1_461' title='bbox 667 4008 780 4066; x_wconf 91' lang='lat' dir='ltr'><strong>medium,</strong></span> <span class='ocrx_word' id='word_1_462' title='bbox 792 4009 811 4056; x_wconf 94' lang='lat' dir='ltr'><strong>si</strong></span> <span class='ocrx_word' id='word_1_463' title='bbox 822 4024 883 4073; x_wconf 90' lang='lat' dir='ltr'><strong>quos</strong></span> <span class='ocrx_word' id='word_1_464' title='bbox 892 4009 953 4058; x_wconf 88' lang='lat' dir='ltr'><strong>iorte</strong></span> <span class='ocrx_word' id='word_1_465' title='bbox 962 4009 1021 4058; x_wconf 83' lang='lat' dir='ltr'><strong>elios</strong></span> <span class='ocrx_word' id='word_1_466' title='bbox 1032 4007 1155 4071; x_wconf 76' lang='lat' dir='ltr'><strong>diligentis</strong></span> <span class='ocrx_word' id='word_1_467' title='bbox 1165 4015 1242 4055; x_wconf 86' lang='lat' dir='ltr'><strong>vestre</strong></span> <span class='ocrx_word' id='word_1_468' title='bbox 1251 4021 1280 4054; x_wconf 82' lang='lat' dir='ltr'><strong>ee</strong></span> <span class='ocrx_word' id='word_1_469' title='bbox 1298 4007 1376 4070; x_wconf 81' lang='lat' dir='ltr'><strong>previs</strong></span> <span class='ocrx_word' id='word_1_470' title='bbox 1387 4007 1462 4056; x_wconf 83' lang='lat' dir='ltr'><strong>bunne</strong></span> 
     </span>
     <span class='ocr_line' id='line_1_44' title="bbox 367 4084 1464 4153; baseline 0 -17"><span class='ocrx_word' id='word_1_471' title='bbox 367 4084 489 4152; x_wconf 86' lang='lat' dir='ltr'><strong>clerosque</strong></span> <span class='ocrx_word' id='word_1_472' title='bbox 500 4086 607 4138; x_wconf 82' lang='lat' dir='ltr'><strong>nomines</strong></span> <span class='ocrx_word' id='word_1_473' title='bbox 617 4087 774 4140; x_wconf 88' lang='lat' dir='ltr'><strong>reddideritis.</strong></span> <span class='ocrx_word' id='word_1_474' title='bbox 807 4089 963 4139; x_wconf 85' lang='lat' dir='ltr'><strong>Enimverosi</strong></span> <span class='ocrx_word' id='word_1_475' title='bbox 980 4105 1044 4138; x_wconf 87' lang='lat' dir='ltr'><strong>nnnc</strong></span> <span class='ocrx_word' id='word_1_476' title='bbox 1061 4089 1161 4153; x_wconf 89' lang='lat' dir='ltr'><strong>primum</strong></span> <span class='ocrx_word' id='word_1_477' title='bbox 1177 4087 1262 4136; x_wconf 90' lang='lat' dir='ltr'><strong>docere</strong></span> <span class='ocrx_word' id='word_1_478' title='bbox 1278 4085 1392 4150; x_wconf 84' lang='lat' dir='ltr'><strong>incipitis,</strong></span> <span class='ocrx_word' id='word_1_479' title='bbox 1412 4087 1464 4136; x_wconf 89' lang='lat' dir='ltr'><strong>eni·</strong></span> 
     </span>
     <span class='ocr_line' id='line_1_45' title="bbox 367 4168 1467 4235; baseline 0.001 -19"><span class='ocrx_word' id='word_1_480' title='bbox 367 4169 560 4218; x_wconf 83' lang='lat' dir='ltr'><strong>medrertendum</strong></span> <span class='ocrx_word' id='word_1_481' title='bbox 578 4177 623 4232; x_wconf 86' lang='lat' dir='ltr'><strong>est,</strong></span> <span class='ocrx_word' id='word_1_482' title='bbox 643 4185 691 4218; x_wconf 89' lang='lat' dir='ltr'><strong>non</strong></span> <span class='ocrx_word' id='word_1_483' title='bbox 709 4169 793 4220; x_wconf 76' lang='lat' dir='ltr'><strong>ceren</strong></span> <span class='ocrx_word' id='word_1_484' title='bbox 810 4171 927 4235; x_wconf 84' lang='lat' dir='ltr'><strong>quendem</strong></span> <span class='ocrx_word' id='word_1_485' title='bbox 945 4171 1051 4220; x_wconf 85' lang='lat' dir='ltr'><strong>mercede</strong></span> <span class='ocrx_word' id='word_1_486' title='bbox 1070 4171 1223 4226; x_wconf 87' lang='lat' dir='ltr'><strong>conductum,</strong></span> <span class='ocrx_word' id='word_1_487' title='bbox 1240 4168 1282 4216; x_wconf 88' lang='lat' dir='ltr'><strong>sed</strong></span> <span class='ocrx_word' id='word_1_488' title='bbox 1297 4174 1323 4216; x_wconf 90' lang='lat' dir='ltr'><strong>et</strong></span> <span class='ocrx_word' id='word_1_489' title='bbox 1332 4175 1422 4216; x_wconf 85' lang='lat' dir='ltr'><strong>vestros</strong></span> <span class='ocrx_word' id='word_1_490' title='bbox 1440 4177 1467 4217; x_wconf 87' lang='lat' dir='ltr'><strong>et</strong></span> 
     </span>
     <span class='ocr_line' id='line_1_46' title="bbox 367 4245 1466 4314; baseline 0.001 -18"><span class='ocrx_word' id='word_1_491' title='bbox 367 4247 493 4298; x_wconf 75' lang='lat' dir='ltr'><strong>ereticorum</strong></span> <span class='ocrx_word' id='word_1_492' title='bbox 505 4249 566 4299; x_wconf 86' lang='lat' dir='ltr'><strong>lilios</strong></span> <span class='ocrx_word' id='word_1_493' title='bbox 576 4249 602 4299; x_wconf 88' lang='lat' dir='ltr'><strong>in</strong></span> <span class='ocrx_word' id='word_1_494' title='bbox 613 4251 738 4300; x_wconf 88' lang='lat' dir='ltr'><strong>discrimen</strong></span> <span class='ocrx_word' id='word_1_495' title='bbox 748 4267 793 4300; x_wconf 90' lang='lat' dir='ltr'><strong>nos</strong></span> <span class='ocrx_word' id='word_1_496' title='bbox 802 4251 889 4300; x_wconf 89' lang='lat' dir='ltr'><strong>ducere</strong></span> <span class='ocrx_word' id='word_1_497' title='bbox 899 4268 905 4298; x_wconf 84' lang='grc' dir='ltr'><strong>ι</strong></span> <span class='ocrx_word' id='word_1_498' title='bbox 922 4257 948 4300; x_wconf 91' lang='lat' dir='ltr'><strong>et</strong></span> <span class='ocrx_word' id='word_1_499' title='bbox 958 4247 1073 4314; x_wconf 86' lang='lat' dir='ltr'><strong>prolecto,</strong></span> <span class='ocrx_word' id='word_1_500' title='bbox 1084 4257 1112 4298; x_wconf 90' lang='lat' dir='ltr'><strong>ut</strong></span> <span class='ocrx_word' id='word_1_501' title='bbox 1121 4249 1192 4298; x_wconf 86' lang='lat' dir='ltr'><strong>lssbet</strong></span> <span class='ocrx_word' id='word_1_502' title='bbox 1200 4247 1357 4312; x_wconf 79' lang='lat' dir='ltr'><strong>proverbium,</strong></span> <span class='ocrx_word' id='word_1_503' title='bbox 1366 4245 1392 4295; x_wconf 90' lang='lat' dir='ltr'><strong>in</strong></span> <span class='ocrx_word' id='word_1_504' title='bbox 1401 4247 1466 4297; x_wconf 81' lang='lat' dir='ltr'><strong>resin</strong></span> 
     </span>
     <span class='ocr_line' id='line_1_47' title="bbox 367 4313 1465 4396; baseline 0 -20"><span class='ocrx_word' id='word_1_505' title='bbox 367 4327 540 4392; x_wconf 84' lang='lat' dir='ltr'><strong>ipsinsjucture</strong></span> <span class='ocrx_word' id='word_1_506' title='bbox 552 4340 624 4380; x_wconf 86' lang='lat' dir='ltr'><strong>srtem</strong></span> <span class='ocrx_word' id='word_1_507' title='bbox 635 4331 764 4395; x_wconf 77' lang='lat' dir='ltr'><strong>figulsriem</strong></span> <span class='ocrx_word' id='word_1_508' title='bbox 782 4331 932 4396; x_wconf 83' lang='lat' dir='ltr'><strong>experimini.</strong></span> <span class='ocrx_word' id='word_1_509' title='bbox 965 4313 1047 4380; x_wconf 84' lang='lat' dir='ltr'><strong>Dicite¹</strong></span> <span class='ocrx_word' id='word_1_510' title='bbox 1066 4331 1155 4394; x_wconf 87' lang='lat' dir='ltr'><strong>itequc,</strong></span> <span class='ocrx_word' id='word_1_511' title='bbox 1169 4329 1227 4393; x_wconf 90' lang='lat' dir='ltr'><strong>quid</strong></span> <span class='ocrx_word' id='word_1_512' title='bbox 1239 4343 1268 4376; x_wconf 84' lang='lat' dir='ltr'><strong>es</strong></span> <span class='ocrx_word' id='word_1_513' title='bbox 1284 4327 1320 4376; x_wconf 87' lang='lat' dir='ltr'><strong>iris</strong></span> <span class='ocrx_word' id='word_1_514' title='bbox 1339 4327 1423 4376; x_wconf 83' lang='lat' dir='ltr'><strong>edesse</strong></span> <span class='ocrx_word' id='word_1_515' title='bbox 1438 4337 1465 4377; x_wconf 91' lang='lat' dir='ltr'><strong>et</strong></span> 
     </span>
     <span class='ocr_line' id='line_1_48' title="bbox 369 4407 1466 4476; baseline 0.005 -24"><span class='ocrx_word' id='word_1_516' title='bbox 369 4416 501 4468; x_wconf 87' lang='lat' dir='ltr'><strong>conpetere</strong></span> <span class='ocrx_word' id='word_1_517' title='bbox 513 4411 579 4460; x_wconf 87' lang='lat' dir='ltr'><strong>robis</strong></span> <span class='ocrx_word' id='word_1_518' title='bbox 589 4413 690 4462; x_wconf 88' lang='lat' dir='ltr'><strong>esseritis</strong></span> <span class='ocrx_word' id='word_1_519' title='bbox 701 4413 737 4462; x_wconf 87' lang='lat' dir='ltr'><strong>rel</strong></span> <span class='ocrx_word' id='word_1_520' title='bbox 748 4412 856 4476; x_wconf 78' lang='lat' dir='ltr'><strong>negetis?</strong></span> <span class='ocrx_word' id='word_1_521' title='bbox 889 4411 949 4462; x_wconf 77' lang='lat' dir='ltr'><strong>Haec</strong></span> <span class='ocrx_word' id='word_1_522' title='bbox 960 4419 986 4461; x_wconf 96' lang='lat' dir='ltr'><strong>tu</strong></span> <span class='ocrx_word' id='word_1_523' title='bbox 997 4413 1028 4460; x_wconf 91' lang='grc' dir='ltr'><strong>ιδ</strong></span> <span class='ocrx_word' id='word_1_524' title='bbox 1036 4408 1082 4460; x_wconf 91' lang='lat' dir='ltr'><strong>illi&#39;s</strong></span> <span class='ocrx_word' id='word_1_525' title='bbox 1089 4410 1216 4466; x_wconf 85' lang='lat' dir='ltr'><strong>sciscitere,</strong></span> <span class='ocrx_word' id='word_1_526' title='bbox 1224 4407 1374 4473; x_wconf 80' lang='lat' dir='ltr'><strong>Lysimscbe,</strong></span> <span class='ocrx_word' id='word_1_527' title='bbox 1385 4421 1466 4470; x_wconf 86' lang='lat' dir='ltr'><strong>neque</strong></span> 
     </span>
     <span class='ocr_line' id='line_1_49' title="bbox 369 4485 1466 4556; baseline 0.004 -24"><span class='ocrx_word' id='word_1_528' title='bbox 369 4498 410 4532; x_wconf 90' lang='lat' dir='ltr'><strong>eos</strong></span> <span class='ocrx_word' id='word_1_529' title='bbox 429 4485 535 4537; x_wconf 83' lang='lat' dir='ltr'><strong>dimittes</strong></span> <span class='ocrx_word' id='word_1_530' title='bbox 545 4493 619 4553; x_wconf 84' lang='lat' dir='ltr'><strong>prius,</strong></span> <span class='ocrx_word' id='word_1_531' title='bbox 637 4507 708 4556; x_wconf 91' lang='lat' dir='ltr'><strong>quem</strong></span> <span class='ocrx_word' id='word_1_532' title='bbox 726 4494 893 4556; x_wconf 81' lang='lat' dir='ltr'><strong>responderet.</strong></span> <span class='ocrx_word' id='word_1_533' title='bbox 926 4493 974 4542; x_wconf 79' lang='lat' dir='ltr'><strong>ts.</strong></span> <span class='ocrx_word' id='word_1_534' title='bbox 990 4493 1068 4543; x_wconf 83' lang='lat' dir='ltr'><strong>Probe</strong></span> <span class='ocrx_word' id='word_1_535' title='bbox 1087 4491 1153 4556; x_wconf 93' lang='lat' dir='ltr'><strong>loqui</strong></span> <span class='ocrx_word' id='word_1_536' title='bbox 1172 4490 1288 4546; x_wconf 87' lang='lat' dir='ltr'><strong>Socretes,</strong></span> <span class='ocrx_word' id='word_1_537' title='bbox 1299 4505 1314 4536; x_wconf 96' lang='lat' dir='ltr'><strong>o</strong></span> <span class='ocrx_word' id='word_1_538' title='bbox 1328 4487 1382 4552; x_wconf 86' lang='lat' dir='ltr'><strong>riri,</strong></span> <span class='ocrx_word' id='word_1_539' title='bbox 1404 4488 1466 4536; x_wconf 86' lang='lat' dir='ltr'><strong>mibi</strong></span> 
     </span>
     <span class='ocr_line' id='line_1_50' title="bbox 370 4562 1467 4640; baseline 0.005 -28"><span class='ocrx_word' id='word_1_540' title='bbox 370 4562 469 4616; x_wconf 82' lang='lat' dir='ltr'><strong>ridetur.</strong></span> <span class='ocrx_word' id='word_1_541' title='bbox 502 4568 528 4617; x_wconf 85' lang='lat' dir='ltr'><strong>Si</strong></span> <span class='ocrx_word' id='word_1_542' title='bbox 538 4585 593 4633; x_wconf 77' lang='lat' dir='ltr'><strong>ergo</strong></span> <span class='ocrx_word' id='word_1_543' title='bbox 605 4574 670 4626; x_wconf 84' lang='lat' dir='ltr'><strong>robis</strong></span> <span class='ocrx_word' id='word_1_544' title='bbox 681 4581 771 4638; x_wconf 75' lang='lat' dir='ltr'><strong>gustum</strong></span> <span class='ocrx_word' id='word_1_545' title='bbox 783 4574 886 4622; x_wconf 78' lang='lat' dir='ltr'><strong>futurum</strong></span> <span class='ocrx_word' id='word_1_546' title='bbox 897 4584 942 4636; x_wconf 88' lang='lat' dir='ltr'><strong>est,</strong></span> <span class='ocrx_word' id='word_1_547' title='bbox 961 4591 976 4624; x_wconf 95' lang='lat' dir='ltr'><strong>o</strong></span> <span class='ocrx_word' id='word_1_548' title='bbox 990 4574 1063 4626; x_wconf 80' lang='lat' dir='ltr'><strong>Nicie</strong></span> <span class='ocrx_word' id='word_1_549' title='bbox 1071 4579 1142 4640; x_wconf 87' lang='lat' dir='ltr'><strong>etque</strong></span> <span class='ocrx_word' id='word_1_550' title='bbox 1153 4571 1254 4636; x_wconf 76' lang='lat' dir='ltr'><strong>hebes,</strong></span> <span class='ocrx_word' id='word_1_551' title='bbox 1265 4568 1467 4638; x_wconf 72' lang='lat' dir='ltr'><strong>iutesrogsntibns</strong></span> 
     </span>
    </p>
   </div>
   <div class='ocr_carea' id='block_1_5' title="bbox 0 0 1593 5316">
    <p class='ocr_par' dir='ltr' id='par_1_5' title="bbox 0 0 1593 5316">
     <span class='ocr_line' id='line_1_51' title="bbox 0 0 1593 5316; baseline 0 0"><span class='ocrx_word' id='word_1_552' title='bbox 0 0 1593 5316; x_wconf 95' lang='lat' dir='ltr'><strong> </strong></span> 
     </span>
    </p>
   </div>
  </div>
 </body>
</html>
