3144 5310
108 551 176 630 145]
414 551 614 612 PLATONIS
635 547 897 615 THEAETETUS.
1137 553 1198 644 233

100 709 230 766 Theodoro,
240 721 288 774 pne
298 707 380 756 octerh
395 721 459 757 oure
469 707 526 756 miii
543 713 632 766 cuent,
641 721 695 771 qnos
713 709 744 756 ad
761 707 803 758 eos
819 716 928 774 spectant
944 709 987 760 abs
1004 717 1028 759 te
1047 711 1194 774 potissimum

102 787 332 854 exquireremsiqui
351 787 399 850 iilic
410 787 513 852 juvenes
523 788 656 852 geometrice
673 795 716 838 sut
730 788 799 838 alteri
819 790 1070 855 philosophin.stodio
1086 793 1197 841 ardenter

100 873 264 920 incumberent.
295 869 368 918 Nune
387 875 466 918 sutem
484 869 558 934 magis
576 876 670 918 nostros
688 885 758 934 quam
778 870 833 920 iilos
850 887 913 930 emo,
924 871 1051 938 potiusque
1062 871 1196 936 intelligere

100 951 178 1016 cupio,
188 949 281 1015 quinam
292 967 307 999 e
317 949 403 999 nostris
411 949 541 1014 juvenibus
552 949 577 998 in
587 950 649 998 rims
660 952 746 1014 probos
763 952 855 1001 evasuri
873 953 956 1002 merito
968 952 1101 1000 rideantur.
1134 951 1197 999 iisse

99 1034 149 1096 ipso
160 1045 201 1096 pro
211 1032 296 1080 viribus
307 1045 400 1094 semper
407 1031 514 1095 exploro,
524 1039 549 1080 et
560 1031 590 1078 ab
601 1031 662 1088 aliis,
672 1031 702 1079 nri
718 1047 778 1096 quos
792 1032 893 1096 juvenes
910 1035 1029 1083 confluere
1039 1034 1119 1091 video,
1130 1047 1196 1096 sape

100 1120 226 1176 percontor.
258 1111 294 1160 Te
311 1120 390 1160 sutem
408 1127 457 1160 non
477 1112 548 1176 pauci
565 1119 701 1173 sectantum
717 1121 743 1161 st
762 1115 853 1163 merito.
869 1129 923 1162 nam
941 1123 966 1162 et
977 1115 1074 1163 aliorum
1086 1111 1196 1178 gratiam

103 1193 232 1256 geometris
243 1193 343 1242 maxime
353 1207 469 1242 concursu
488 1193 575 1257 diguus
592 1207 643 1240 osse
654 1193 748 1242 videris.
780 1193 804 1242 st
815 1209 885 1258 quem
897 1195 968 1258 igitur
977 1201 1060 1244 uectus
1071 1209 1097 1242 es
1108 1207 1196 1241 ummo-

99 1281 146 1322 rsto
157 1273 263 1338 dignum,
275 1275 377 1325 libenter
383 1273 498 1323 audirem.
530 1274 613 1322 Τιιιο.
629 1273 715 1338 Atqui,
726 1289 742 1323 0
758 1275 875 1332 Socrates,
887 1282 912 1324 et
929 1291 966 1324 me
977 1275 1060 1324 reterre
1071 1285 1096 1323 et
1106 1283 1196 1338 tepus-

99 1354 185 1403 euitare
204 1356 284 1412 decet,
295 1355 388 1418 qualem
405 1355 514 1404 orestris
530 1355 622 1404 nisibus
639 1355 814 1406 odolescentem
834 1355 973 1408 invenerim.
989 1357 1031 1421 qui
1049 1353 1069 1404 si
1080 1355 1194 1404 formosus

98 1443 166 1492 esset,
176 1435 272 1484 laudare
282 1435 349 1484 iilum
360 1451 457 1489 vererer,
470 1445 500 1483 ne
511 1435 550 1483 oui
558 1435 637 1484 iorssn
648 1435 713 1486 illius
723 1451 801 1485 smore
811 1443 896 1502 captus
907 1437 979 1486 sideri
989 1451 1091 1501 possem.
1123 1435 1195 1485 Nunc

99 1521 174 1564 autern
186 1531 216 1564 ne
227 1516 285 1564 milri
295 1531 436 1565 succenseas
446 1531 524 1580 neque
545 1516 638 1565 turbes:
656 1531 704 1566 non
723 1519 786 1566 enim
803 1527 840 1567 est
855 1517 960 1582 pulcher.
993 1517 1082 1566 Similis
1096 1517 1138 1564 ttnt
1148 1523 1196 1576 eat,

84 1591 86 1594 ’
98 1597 155 1644 simo
165 1611 224 1645 naso
234 1604 260 1646 et
269 1596 457 1661 prominentibus
467 1596 541 1646 eculin
551 1613 558 1645 e
574 1597 682 1662 quamvis
700 1599 779 1648 minus
794 1599 835 1648 ille
845 1614 916 1664 qoam
926 1603 951 1646 tu
962 1598 988 1646 in
1000 1599 1036 1646 iris
1047 1599 1144 1648 modum
1154 1611 1197 1646 es·

97 1679 181 1726 sedat:
199 1679 271 1726 libere
288 1685 367 1726 tecum
384 1676 458 1742 [tat]
475 1677 575 1742 loquor:
592 1680 650 1728 aoits
668 1680 693 1727 in
713 1681 803 1746 primis,
814 1695 852 1728 me
867 1680 958 1730 nullum
969 1680 1047 1728 adimo
1058 1679 1199 1726 adolescens

97 1757 173 1805 tulum
191 1757 305 1822 reperisse
322 1757 392 1822 (licet
407 1773 461 1808 cum
477 1759 558 1809 multis
567 1768 672 1808 versatus
687 1759 785 1826 inerim)
795 1768 843 1810 tarn
860 1761 958 1810 mirabili
974 1767 1064 1810 naturso
1079 1759 1195 1808 felicitstc

95 1837 221 1888 donatum.
256 1837 360 1888 Difficile
370 1839 497 1886 sdrnodum
512 1847 557 1897 est,
567 1839 669 1903 reperire
678 1841 798 1889 nominem
809 1840 956 1905 ingeniosum
967 1840 1046 1902 simul,
1055 1848 1080 1889 et
1095 1855 1143 1905 pre
1153 1855 1194 1889 oe·

95 1917 150 1966 teris
161 1925 308 1966 mansuetum
319 1925 392 1982 etque
402 1918 502 1967 virilem.
518 1919 629 1983 equidem
640 1933 686 1968 nec
694 1918 765 1968 fuisse
776 1935 879 1984 unquam
888 1919 995 1968 existimo
1003 1935 1048 1968 uec
1055 1933 1107 1968 esse
1116 1920 1196 1978 rideo,

96 1997 182 2062 qui'ita
193 2005 277 2047 natura
287 1999 336 2048 sint
352 1999 463 2048 instituti.
496 1999 608 2048 Ceterum
628 2001 701 2057 scoti,
713 2007 741 2048 ut
756 2000 812 2057 iste,
822 2014 965 2064 mgseeaque
980 2009 1006 2048 et
1022 1999 1153 2048 memoriosi
1171 2008 1197 2048 et

97 2080 184 2130 doettsa
196 2087 223 2127 ut
240 2079 365 2143 plurimum
379 2079 406 2128 in
425 2080 570 2129 iracundiam
590 2081 741 2146 impetusque
759 2081 893 2145 precipites
912 2086 983 2128 sunts
1001 2089 1115 2144 proruunt
1133 2079 1196 2127 enim

98 2167 168 2224 atque
177 2167 307 2225 raptantur,
317 2160 518 2223 quemadmodum
530 2160 581 2208 siue
592 2160 729 2209 rertrrcotia
739 2175 821 2224 nares,
832 2169 857 2208 et
867 2159 948 2209 furiosi
960 2159 1116 2224 potiusquam
1125 2160 1198 2207 t'ortes

95 2239 203 2289 existunt.
236 2237 325 2289 Graves
336 2248 415 2290 actem
432 2255 505 2304 serpe,
513 2257 567 2290 oum
578 2241 609 2289 ad
621 2241 760 2305 discipilum
771 2257 797 2290 se
807 2241 942 2299 conferunt,
953 2255 1045 2306 segnes,
1062 2247 1192 2305 torpentes,

97 2321 204 2370 obliviosi
215 2329 278 2371 sust.
311 2321 361 2370 Iste
372 2337 427 2370 sero
438 2324 472 2370 ita
488 2321 579 2379 leniter,
592 2321 673 2379 libere,
685 2323 795 2380 suaviter,
807 2323 926 2386 expedite,
938 2323 1038 2372 merima
1056 2336 1110 2370 cum
1129 2335 1197 2368 man·

98 2402 222 2450 suetudine
232 2403 263 2450 ad
275 2401 413 2467 disciplinas
432 2403 623 2466 questionesqoe
640 2403 752 2464 graditur.
762 2410 791 2450 nt
806 2417 851 2452 neo
869 2403 972 2452 lubricus
988 2403 1130 2468 quietusque
1148 2403 1198 2451 ulei

97 2483 172 2531 dorus
182 2482 277 2530 mollior
287 2489 312 2530 et
322 2482 416 2530 suaslur
426 2482 543 2545 sidentur,
554 2491 580 2530 et
589 2489 617 2529 ut
628 2481 709 2530 mirum
720 2483 751 2530 sit
761 2491 851 2530 tantum
863 2483 984 2547 ingenium
995 2492 1042 2532 tons
1053 2491 1142 2532 mature
1150 2484 1197 2533 ists

96 2577 217 2628 peragere.
251 2563 295 2611 80.
310 2559 408 2626 Optima
427 2561 529 2612 nuntias.
549 2564 591 2610 sed
607 2561 676 2626 cujus
693 2572 823 2611 nostrornm
841 2563 928 2612 oinium
940 2563 1009 2612 ¹filius
1026 2565 1080 2614 est?
1111 2563 1196 2612 Taso.

96 2643 190 2692 Nomen
202 2642 300 2706 quidem
309 2641 361 2705 ejus
372 2642 463 2705 audiri,
475 2643 517 2690 sed
528 2659 542 2690 e
553 2641 665 2691 memoria
675 2641 772 2691 excidit.
789 2651 826 2691 est
841 2651 920 2690 autern
938 2643 1029 2692 medius
1045 2643 1086 2692 ilie
1104 2659 1196 2698 eorum,

96 2725 135 2789 qui
145 2731 229 2774 eorrtm
241 2737 285 2772 nos
295 2723 403 2774 veniunt.
420 2724 492 2787 paulo
503 2730 559 2772 ente
578 2724 602 2772 in
620 2724 707 2787 platea,
719 2739 772 2788 quos
789 2729 855 2772 extra
873 2723 958 2772 moenia
969 2731 1013 2782 est,
1024 2724 1044 2771 is
1054 2730 1080 2772 et
1089 2723 1149 2772 socii
1159 2723 1197 2771 soi

97 2805 190 2868 quidam
202 2804 269 2853 uncti
287 2804 401 2852 luserunt.
418 2817 482 2851 nuuc
492 2811 589 2868 pemcto
601 2803 658 2852 ludo
669 2806 716 2853 huo
734 2804 860 2854 sdrentsre
871 2805 988 2853 ridentur.
1004 2805 1100 2853 adverte
1118 2811 1197 2852 utrum

97 2901 207 2950 sgnosoas
224 2899 310 2935 necne.
342 2883 386 2933 80.
403 2883 517 2948 Agnosco
537 2884 658 2949 equidern.
689 2885 811 2935 Suninnsis
828 2885 959 2950 Euphronii
980 2885 1043 2934 ttius
1060 2893 1105 2942 est,
1117 2883 1169 2942 riri,
1180 2899 1197 2934 o

98 2968 177 3024 stoke,
189 2966 274 3031 procot
285 2964 359 3014 dubio
371 2965 434 3023 ntis.
445 2965 539 3030 qualem
551 2971 576 3013 tu
588 2965 662 3014 ilium
682 2967 796 3031 figurasti,
806 2967 964 3032 probatissimi
979 2975 1035 3015 nnte
1051 2981 1142 3024 ornnes,
1153 2964 1196 3030 qni

98 3048 263 3112 pstdmonium
280 3046 386 3111 amplum
397 3045 500 3110 reliquit.
516 3047 557 3095 sed
569 3061 655 3096 nornen
667 3048 734 3111 pueri
745 3065 793 3096 non
804 3049 893 3098 sudirl.
925 3047 1009 3098 Τιιιο.
1025 3047 1169 3104 ilreetetua,
1179 3060 1196 3094 0

98 3129 212 3185 Socim
225 3141 312 3176 nomen
322 3135 367 3178 eat.
384 3126 551 3190 patrimonium
563 3137 641 3176 sutem
657 3128 709 3192 ejus
721 3137 810 3178 tutores
825 3129 951 3192 dissipasse
966 3129 1092 3176 ridenturr
1111 3141 1196 3175 seron·

99 3215 173 3258 umen
191 3207 336 3258 iiberalitate
353 3206 450 3256 mirilico
469 3207 553 3272 pollet.
586 3209 629 3257 So.
646 3207 793 3259 Generomm
812 3210 932 3259 hominnm
954 3223 1042 3256 narras.
1067 3207 1127 3269 jube
1148 3207 1196 3253 hnc

96 3289 157 3339 iliam
168 3291 285 3341 accedere
293 3297 318 3338 et
326 3289 449 3338 nobiseum
461 3289 553 3338 sedere.
584 3287 666 3337 Τιιιιο.
682 3289 743 3338 Fiat.
777 3288 1039 3344 OTtresetete,accsde
1050 3287 1096 3334 troo
1109 3285 1139 3332 sd
1150 3285 1197 3332 80·

99 3379 189 3420 erstem
226 3371 268 3420 80.
284 3367 356 3428 Veni,
367 3371 475 3426 obsecro,
485 3369 616 3426 Theaeteto,
628 3377 655 3417 01
665 3369 780 3432 meipsum
792 3368 987 3424 animadvertam,
998 3366 1092 3430 qualern
1104 3363 1195 3412 ruitum

99 3451 228 3514 proteram.
243 3451 321 3516 inquit
331 3451 395 3500 enim
411 3449 559 3507 Theodorus,
570 3449 638 3498 vultu
649 3463 687 3497 rne
698 3449 741 3498 tibi
753 3448 854 3496 similem
864 3461 924 3497 esse.
959 3446 1032 3504 Quod
1043 3445 1063 3494 si
1075 3445 1196 3510 utriusque

100 3539 203 3580 uostwn
217 3533 290 3597 lyram
301 3533 410 3581 similiter
420 3537 573 3596 temperitam
584 3538 705 3589 assereret,
716 3537 793 3578 utrum
804 3528 927 3578 confestim
939 3528 964 3577 id
975 3527 1140 3577 crederemus?
1157 3541 1198 3582 su,

99 3613 232 3662 musimmne
243 3621 314 3672 esset,
325 3615 390 3678 prius
401 3613 587 3678 inquireremus?
619 3612 685 3660 Tun.
701 3609 882 3677 inquireremus.
915 3610 958 3660 80.
976 3607 1008 3658 Et
1017 3609 1037 3658 si
1049 3608 1119 3658 talem
1129 3621 1198 3673 tepe-

98 3693 200 3754 riremus,
213 3697 361 3744 crederemus
371 3696 473 3760 utique:
490 3693 527 3742 ain
538 3701 617 3744 sotem
628 3695 724 3743 musicae
735 3701 863 3758 expertem,
875 3691 989 3742 minime?
1020 3690 1088 3740 Τιιι.
1104 3689 1144 3739 Ita
1153 3697 1198 3738 ert.

98 3773 138 3821 80.
154 3775 229 3824 Nunc
239 3791 304 3840 ergo,
315 3776 335 3824 si
345 3791 407 3824 core
418 3776 487 3824 nobis
498 3782 534 3823 est
549 3783 681 3823 nostrorum
692 3773 800 3823 rnitnom
816 3773 953 3832 similitudo,
964 3771 1104 3834 ridendum,
1120 3779 1197 3818 utrum

98 3855 171 3920 [lid]
187 3857 307 3920 pictorslt
317 3855 358 3920 qni
376 3855 446 3920 dicit,
455 3871 540 3906 necue.
571 3855 640 3906 Τιιι.
658 3857 698 3906 Sic
708 3855 811 3905 ridetur.
845 3856 888 3904 80.
905 3853 1020 3918 Numquid
1032 3853 1110 3917 pictor
1120 3851 1199 3900 'lireo-

98 3938 183 3986 dorus?
218 3937 285 3984 Tus.
301 3935 359 3983 Non
378 3937 476 3986 adverti.
510 3938 553 3985 So.
570 3937 736 3987 Geometricus
755 3935 851 3986 autern?
884 3935 951 3985 Τιιι.
968 3934 1074 3983 Maximo
1092 3933 1199 3997 quidem,

98 4015 241 4064 oSnerntea.
273 4015 314 4064 80.
333 4016 374 4062 An
385 4023 410 4062 et
420 4023 576 4075 astronomus,
588 4018 736 4076 dialecticus,
748 4017 862 4074 musicus,
872 4023 897 4065 et
907 4016 1048 4078 reliquarum
1059 4000 1200 4076 disciplina-⁸

99 4111 145 4145 rum
167 4094 277 4159 peritus?
309 4093 374 4141 Tur.
391 4095 455 4144 Milri
471 4098 567 4160 quidem
586 4099 686 4147 ridetur.
720 4099 762 4146 80.
785 4095 852 4145 Dum
872 4111 928 4161 ergo
949 4096 974 4143 in
994 4094 1073 4158 aliqua
1094 4091 1199 4156 corporis

99 4185 162 4240 parte
173 4173 312 4224 consimiles
322 4189 373 4221 esse
384 4188 427 4221 nos
439 4177 562 4240 predicet,
573 4179 671 4228 laudans
681 4178 857 4243 quodsmtnodo
868 4177 905 4224 rel
922 4176 1066 4237 vituperans,
1078 4187 1126 4220 uon
1138 4171 1198 4220 moi·

99 4265 145 4304 tum
156 4254 260 4306 illifidei
271 4253 441 4304 contuendum.
474 4255 540 4304 Tne.
558 4257 624 4316 Non,
635 4267 662 4308 nt
679 4265 786 4324 apparet.
819 4259 863 4306 80.
880 4257 906 4306 Si
924 4269 993 4320 quern
1004 4269 1060 4304 sero
1078 4254 1108 4301 ab
1126 4251 1201 4302 animi

99 4337 182 4386 rtrtote
194 4335 360 4400 sapientisque
369 4335 485 4395 leudaret,
497 4353 578 4386 noune
588 4341 726 4388 conveniret
735 4341 786 4388 lraec
797 4337 911 4395 audienti,
923 4337 1042 4384 isudatum
1054 4335 1131 4400 ipsum
1141 4335 1203 4384 cun-¹

101 4416 210 4475 siderare,
219 4417 318 4466 lsudsto
329 4423 409 4466 sutem
421 4433 472 4467 sese
482 4421 625 4468 ostendere?
656 4419 723 4469 Tne.
741 4419 879 4477 Omniuo,o
893 4419 1009 4467 Socrates.
1041 4418 1084 4466 80.
1100 4415 1173 4479 Vide,
1183 4433 1199 4466 0

104 4497 178 4546 amioe
188 4497 322 4563 Theaeteto,
334 4507 375 4549 tos
385 4499 485 4549 interest
496 4499 629 4560 ostendere,
641 4517 693 4550 mes
710 4497 867 4560 considerare.
900 4499 976 4562 Scito,
993 4513 1046 4548 cum
1062 4495 1199 4546 'l'neodorns

2 4591 3 4608 ¹
104 4576 189 4628 nun·
199 4579 257 4628 mibi
269 4587 316 4629 tsm
328 4581 467 4646 peregrinos
475 4597 546 4649 quatu
557 4583 622 4634 eires
639 4583 749 4650 laudarit,
759 4579 848 4631 nulium
869 4579 995 4645 majoribus
1010 4591 1039 4630 sc
1056 4583 1080 4627 te
1090 4569 1202 4627 laudibus'

167 4659 293 4710 erasm.
636 4664 659 4714 1.
1078 4657 1135 4710 ²⁶
