3138 5300
342 505 412 562 -330
796 487 994 550 Petronis
1372 489 1449 568 [tte

353 663 378 706 et
388 653 441 704 eliis
451 651 559 702 omnibns
570 661 717 716 quoeunque
728 645 821 694 emendi
837 641 1001 708 sppellstione
1016 647 1072 690 sont
1087 641 1177 706 digne?
1213 641 1309 694 Hesus.
1326 642 1390 692 uini
1399 645 1450 707 qai.

355 734 519 784 demridetur.
552 732 596 780 do.
613 728 638 776 Si
659 728 712 791 quis
727 723 843 788 cujusque
863 722 988 770 essemim
1008 721 1094 770 imitsri
1110 721 1182 770 literis
1199 722 1453 786 syllslsisqnersleret,
1559 777 1560 780 ,

354 827 433 864 nonne
452 813 510 879 quid
527 810 713 874 unumquodque
731 807 763 854 sit
777 803 924 854 declersretl
943 803 1017 866 [tid]
1036 802 1129 852 Hense.
1144 802 1253 852 ntssine
1271 803 1379 866 quidem·
1411 804 1452 854 8ο.

355 895 504 952 Qnemimnc
515 907 566 942 esse
577 889 659 940 dices?
676 886 808 951 superiores
818 884 916 948 quidem
932 883 1015 946 psrtim
1035 882 1159 939 musicum,
1173 882 1257 945 pertire
1270 881 1387 944 pictorem
1397 899 1451 946 cog·

355 974 510 1024 nominsbss:
528 973 591 1020 huno
604 984 658 1018 uero
668 965 789 1032 quomodo
800 963 913 1012 nocebis?
947 961 1039 1010 Herse.
1057 961 1159 1010 Videtur
1173 961 1212 1010 hio
1230 962 1299 1017 mihi,
1310 979 1325 1010 ο
1336 963 1452 1026 Sacrum,

355 1069 425 1118 quens
434 1051 525 1116 jsmdiu
537 1051 673 1114 querimus,
682 1043 820 1095 nominsndl
831 1051 921 1092 sector.
954 1043 998 1092 So.
1015 1041 1042 1090 Si
1052 1057 1132 1090 rerum
1143 1042 1189 1090 hoc
1200 1050 1246 1098 est,
1257 1043 1452 1092 considernndnm

352 1131 403 1196 jem
413 1133 444 1180 de
455 1130 590 1181 nominibus
599 1128 656 1184 illis,
667 1142 721 1190 qum
732 1133 756 1172 tu
768 1123 889 1186 exigebus,
900 1123 976 1178 thoes,
985 1121 1011 1170 id
1024 1129 1061 1170 est
1069 1121 1144 1184 doru,
1154 1122 1227 1182 lenm,
1237 1121 1261 1170 id
1280 1131 1318 1170 est
1333 1124 1377 1180 ire,
1388 1125 1452 1172 solie·
1559 1185 1560 1198 ἶ

356 1212 453 1272 seos,id
465 1218 502 1260 est
511 1207 660 1268 detentione,
673 1213 748 1254 unum
766 1203 840 1252 literis
859 1201 1003 1266 syllabisque
1018 1201 1067 1250 suls
1083 1217 1108 1250 re
1118 1217 1173 1252 rere
1184 1203 1310 1252 moentism
1326 1203 1453 1260 imitentur,

356 1307 443 1341 necne.
476 1289 569 1338 Hense.
587 1289 692 1337 Prorsus.
725 1285 767 1334 Su.
783 1282 837 1346 Age
852 1283 982 1339 ridesmus,
999 1281 1107 1345 nunquid
1126 1283 1177 1330 heo
1195 1281 1247 1330 sols
1265 1283 1340 1345 prims
1359 1284 1453 1332 nomios
1495 1316 1498 1333 .

357 1371 414 1428 sint,
425 1385 455 1418 en
467 1370 514 1418 sint
523 1376 549 1418 et
559 1369 606 1418 slis
625 1373 710 1430 preter
726 1365 779 1412 ists.
813 1363 905 1413 linem.
923 1363 979 1412 ntis
996 1362 1106 1426 equidem
1124 1363 1230 1410 erbitror.
1263 1365 1304 1410 So.
1322 1364 1454 1412 Qumis.

358 1465 429 1500 neum
440 1458 485 1498 est.
502 1457 605 1500 ceterum
616 1447 669 1510 quis
679 1443 840 1506 distinguendi
852 1444 944 1499 modus,
956 1443 1019 1491 unde
1032 1443 1117 1491 imitsri
1136 1441 1223 1504 incipit
1241 1444 1356 1492 imitetur?
1373 1459 1454 1492 nonne

359 1529 551 1593 qoeudoquidern
562 1526 636 1575 literis
646 1541 674 1574 se
682 1523 780 1589 syllsble
790 1522 899 1570 essentie
911 1523 938 1570 lit
948 1521 1058 1578 imitntio,
1069 1529 1164 1586 prestet
1175 1523 1274 1586 primurn
1281 1523 1397 1572 eletnentn
1405 1525 1455 1572 dis-
1559 1585 1560 1588 Ἴ

359 1609 483 1684 tinguere?
500 1605 699 1672 quenrsdmudum
710 1603 751 1668 qui
761 1602 877 1667 rhythmis
886 1603 945 1650 dent
956 1617 1060 1666 opernm,
1069 1603 1239 1650 elementorum
1251 1603 1324 1665 primo
1334 1602 1397 1652 eires
1406 1604 1454 1650 dis-

358 1687 577 1751 tinguunt,deinde
596 1686 737 1750 spllsbsmm
755 1684 989 1747 tsntum,rl15tlrmos
1009 1683 1103 1732 undem
1123 1683 1187 1746 ipsos
1205 1684 1454 1749 eggredinntnr,psins
1559 1691 1560 1694 ’

359 1782 582 1831 seroneqnsqusrn.
616 1764 709 1812 Hsnrs.
727 1762 825 1826 Utique.
858 1763 901 1810 So.
917 1762 957 1810 An
977 1777 1025 1810 non
1044 1763 1078 1811 its
1092 1771 1117 1808 et
1132 1765 1262 1826 nosprimo
1274 1773 1369 1828 oportet
1380 1765 1454 1814 literne

358 1847 454 1896 eocslcs
471 1847 625 1910 distinguere,
641 1851 723 1908 postes
739 1843 849 1905 reliques,
860 1843 989 1890 secundum
1005 1841 1105 1905 species,
1116 1850 1192 1890 mutes
1202 1851 1226 1890 et
1238 1845 1409 1892 semivocales?
1425 1847 1455 1892 its

360 1927 460 1976 enimin
472 1924 657 1976 hisensditisisi
670 1927 806 1986 loquuntur.
823 1937 852 1970 eo
868 1937 944 1970 rursus
961 1922 1053 1970 voules
1069 1922 1174 1984 quidem,
1190 1938 1238 1972 non
1260 1931 1340 1970 tsmen
1359 1923 1455 1971 sesniro·
1559 1971 1560 1978 χ

359 2007 440 2056 celeri
456 2013 481 2055 et
498 2007 600 2070 ipssmnr
617 2002 732 2052 iocslium
749 2002 839 2064 specics
857 2001 958 2050 invicem
975 2001 1127 2050 differentes?
1144 2010 1170 2049 et
1186 2009 1314 2068 postquem
1333 2005 1384 2052 lsee
1398 2005 1454 2052 lseon

360 2087 442 2136 omnis
451 2087 636 2142 discreverim,
648 2099 724 2132 rursus
735 2083 846 2130 inducere
858 2082 964 2139 nomine,
971 2081 1175 2144 considersmque,
1186 2083 1205 2130 si
1215 2090 1271 2130 sunt
1281 2084 1306 2130 in
1316 2100 1371 2148 qum
1381 2083 1455 2132 onus

359 2168 498 2224 referuntur,
509 2165 707 2230 quemadmodum
719 2164 852 2210 clemente:
871 2163 996 2227 exquibus
1015 2177 1156 2224 cognoscere
1172 2161 1229 2212 lieet
1246 2171 1272 2210 et
1291 2163 1355 2226 ipse,
1366 2163 1419 2212 etm'
1433 2164 1455 2210 in

360 2248 417 2310 ipsis
428 2248 521 2310 species
531 2247 683 2296 continentur
699 2245 783 2292 edem
800 2245 879 2300 modu,
891 2243 952 2292 siout
963 2241 1126 2292 inclementis.
1159 2241 1204 2291 His
1214 2245 1326 2292 omnibus
1337 2245 1457 2307 diligenter

360 2327 508 2390 ercogltstis,
520 2327 579 2374 scire
591 2331 686 2388 oportet
697 2324 779 2372 sfferre
790 2323 918 2372 secundum
930 2323 1107 2372 similitudinem
1117 2324 1314 2387 unumquodque,
1328 2325 1380 2373 sire
1390 2339 1456 2372 uuum

360 2407 400 2454 uni
411 2407 441 2454 sit
451 2406 634 2461 sdsouvendum,
645 2419 686 2452 seu
698 2404 770 2452 multe
782 2403 882 2452 invicem
894 2403 1085 2452 commiscendo:
1103 2419 1146 2452 ceu
1158 2403 1268 2468 pictores.
1279 2405 1455 2453 similitudinem
1559 2433 1560 2442 κ

359 2487 466 2536 solentes
485 2486 624 2549 exprimere,
638 2485 756 2534 interdum
775 2477 917 2548 purpureum
935 2485 1049 2532 duntsrnt
1069 2485 1170 2534 colorem
1199 2486 1323 2542 sdlsibeut,
1342 2487 1455 2534 interdum

360 2568 467 2631 quemvis
478 2567 550 2614 sliutn
561 2567 663 2616 colorem
675 2583 682 2614 :
700 2567 844 2629 qusndoque
856 2564 941 2614 multos
952 2566 1114 2622 commiscent,
1124 2565 1198 2614 veluti
1213 2581 1267 2614 cnm
1279 2565 1406 2629 inssginesn
1417 2565 1457 2612 risi

360 2663 431 2711 qusm
442 2646 583 2696 sinittimsn
599 2646 709 2710 effingere
722 2645 813 2707 volunt,
825 2645 861 2692 rel
878 2645 943 2694 eliud
962 2645 1076 2710 quiddern
1095 2645 1240 2708 hujusmodl,
1251 2655 1369 2709 qustenus
1380 2647 1455 2708 inungo
1559 2687 1560 2696 ,

360 2743 462 2792 qunque
472 2728 542 2778 certis
553 2727 670 2776 colorilms
680 2726 780 2790 indiget.
797 2727 859 2775 hsud
871 2741 939 2774 secem
949 2733 975 2774 et
991 2741 1036 2774 nos
1052 2726 1171 2775 elemento
1186 2727 1255 2776 rebus
1270 2727 1458 2776 sccommotlsbi·

362 2823 423 2862 mus,
440 2815 466 2854 et
483 2823 555 2854 unum
574 2808 625 2864 uni,
636 2823 779 2870 quocunque
798 2822 867 2868 cgere
888 2807 987 2874 menige
998 2807 1121 2868 ridentur:
1138 2807 1299 2871 syrnlsolsque,
1310 2807 1334 2854 id
1350 2815 1389 2855 est
1398 2821 1458 2854 eon·

358 2884 433 2948 jectn,
452 2885 615 2948 conficiemus,
633 2901 692 2948 ques
711 2887 917 2950 syllsbssuocsot.
934 2901 993 2950 ques
1013 2887 1052 2934 ubi
1067 2885 1223 2949 junxerimus,
1241 2886 1309 2950 [tes]
1325 2901 1355 2934 ex
1373 2886 1457 2949 eisque

361 2963 457 3012 numius
468 2967 585 3028 seriisque
596 2965 794 3023 constituerimus,
806 2981 882 3016 rursus
892 2982 921 3015 es
939 2965 1074 3015 nominibus
1083 2981 1112 3014 sc
1123 2967 1200 3016 sabis
1210 2983 1317 3031 megntsm
1325 2966 1376 3030 jem
1387 2967 1458 3030 qnid·

362 3045 416 3092 dem
427 3053 452 3092 et
462 3044 585 3108 pulchrum
595 3053 621 3094 et
630 3047 745 3110 integrum
757 3057 936 3097 construemuss
953 3056 978 3096 et
993 3047 1191 3112 quenssdmodum
1210 3055 1284 3096 totum
1300 3047 1379 3110 ipsum
1394 3062 1458 3096 corn·

361 3125 463 3189 positum
475 3125 567 3188 picture
575 3125 661 3174 enimsl
671 3133 750 3184 vocet,
762 3127 795 3176 its
806 3144 849 3178 nos
859 3135 996 3178 coetestem
1007 3130 1070 3178 hunc
1081 3128 1209 3192 integmm,
1217 3129 1357 3186 cretionem,
1367 3127 1405 3176 rel
1414 3143 1458 3174 eo·

361 3205 468 3254 rninendi
479 3205 563 3268 peritis
574 3206 611 3256 sel
624 3207 740 3256 rhetorice
748 3208 895 3266 febrientem,
907 3209 943 3258 rel
955 3208 1001 3257 slis
1009 3209 1091 3273 queris
1099 3225 1152 3274 que
1160 3210 1186 3258 id
1194 3209 1279 3260 efficiet
1291 3217 1350 3258 erte.
1383 3208 1456 3256 Immo

361 3301 410 3334 non
422 3301 465 3334 noe
475 3285 537 3334 istud
548 3301 653 3349 memus.
670 3289 766 3336 modum
787 3303 881 3353 usuque
898 3288 1018 3354 loquendo
1029 3296 1183 3352 trnnsgressus
1193 3305 1254 3339 snm.
1271 3290 1360 3354 quippe
1369 3297 1458 3337 setores

360 3367 395 3414 ite
405 3366 546 3424 eoullsrunt,
557 3368 577 3416 si
588 3367 622 3415 its
632 3376 668 3416 est
678 3369 843 3419 constitutum.
860 3385 904 3418 nos
919 3379 999 3420 sotem
1018 3377 1120 3434 oportet,
1130 3371 1150 3418 si
1162 3371 1232 3418 nrotlo
1243 3369 1368 3420 artificiose
1378 3368 1457 3417 consi·

361 3445 463 3493 dersturi
471 3462 559 3505 sumus,
570 3449 621 3512 ipss
632 3449 713 3498 nnsnis
724 3450 758 3498 sic
769 3449 951 3513 distinguentes,
963 3451 1015 3499 siue
1026 3459 1053 3498 ut
1062 3451 1173 3500 convenit
1183 3450 1258 3514 prims
1268 3451 1366 3500 nornine
1376 3457 1402 3498 et
1414 3463 1456 3512 po·

362 3525 458 3574 sterlors
469 3526 517 3574 sint
528 3528 613 3590 posits,
624 3529 675 3576 sire
685 3543 744 3589 nou,
760 3529 794 3577 its
810 3529 953 3592 excogitare.
987 3529 1064 3578 Aliter
1083 3537 1161 3579 nutem
1179 3539 1321 3580 connectere
1332 3529 1456 3578 ridendum

361 3613 407 3668 est,
417 3622 432 3652 o
443 3607 518 3654 emice
528 3607 697 3672 Hermogenes,
708 3625 739 3657 ne
751 3609 810 3656 forte
822 3609 852 3658 eit
861 3625 931 3658 error.
963 3609 1056 3658 Hense.
1074 3609 1144 3658 Forte
1156 3609 1300 3674 perdurum,
1311 3625 1327 3658 o
1344 3611 1457 3660 &unlu-

361 3685 403 3734 So.
419 3685 535 3750 Numquid
553 3689 603 3751 ipse
619 3689 719 3738 confidis
738 3689 772 3737 ite
789 3699 812 3738 te
830 3705 899 3751 posse
919 3690 1082 3754 distinguere?
1099 3689 1218 3754 egoenim
1230 3707 1268 3738 sne
1279 3706 1351 3754 posse
1369 3690 1456 3738 diffido.
1559 3683 1560 3752 J

362 3763 456 3816 Hense.
473 3767 553 3817 Multo
564 3769 636 3833 igitur
646 3771 721 3834 msps
733 3771 782 3834 ipse
801 3771 892 3819 diffido.
926 3773 968 3820 So.
987 3769 1141 3820 Dimittemns
1153 3771 1240 3835 igitur?
1257 3771 1456 3834 sneisntcnnqnc

361 3847 473 3904 velemus,
481 3849 635 3912 experiemur,
647 3851 702 3898 etsi
718 3867 798 3914 perum
810 3852 867 3915 quid
879 3853 961 3900 horum
972 3867 1042 3900 nosse
1054 3865 1187 3916 possumus,
1197 3849 1371 3914 sggredisutur,
1380 3851 1414 3898 its
1423 3859 1455 3898 ts·

361 3941 426 3988 mest,
434 3935 461 3974 ut
471 3943 541 3993 suprs
551 3929 605 3986 diis,
616 3931 716 3994 prelati,
732 3939 804 3995 utque
815 3932 862 3980 illis
880 3931 996 3981 ediximus
1011 3931 1078 3980 Nihil
1090 3947 1133 3982 nos
1145 3932 1192 3980 reri
1202 3931 1374 3995 intelligentes,
1384 3929 1456 3994 opini-

363 4021 420 4056 ones
431 4008 552 4057 hominum
561 4011 592 4058 de
603 4010 649 4058 illis
660 4010 788 4074 conjicere,
800 4013 833 4060 its
843 4019 869 4062 et
879 4027 943 4062 nuno
956 4028 1082 4077 pergsmm
1100 4012 1168 4061 uulsis
1185 4012 1244 4076 ipsis
1259 4010 1367 4060 similiter
1378 4009 1457 4074 predi·

362 4093 452 4145 centes,
463 4091 527 4152 quod
539 4090 560 4138 ei
570 4105 642 4154 quum
654 4091 744 4156 optime
754 4091 923 4156 distinguendi
933 4094 985 4142 hec
995 4093 1106 4149 luissent.
1116 4092 1153 4140 rel
1170 4093 1201 4140 sb
1218 4091 1267 4140 sliu
1277 4091 1391 4156 quopism
1400 4089 1434 4138 rel
1444 4103 1457 4135 s

363 4167 443 4230 nobie,
454 4169 487 4217 ric
499 4178 562 4219 certe
573 4171 718 4235 distinguere
729 4173 879 4236 oportuisset.
897 4189 961 4222 nuuc
980 4182 1070 4235 sutem,
1083 4181 1110 4222 ut
1119 4172 1199 4235 lertur,
1210 4188 1254 4236 pm
1265 4173 1355 4220 virilius
1364 4172 1407 4218 ists
1416 4183 1459 4216 nos

362 4253 461 4297 trsctsre
472 4249 562 4302 licebit.
594 4251 710 4300 Admittit
726 4253 796 4318 hren?
813 4253 850 4302 rel
871 4255 929 4318 quid
941 4255 993 4304 sisi
1027 4253 1125 4305 Hense.
1140 4253 1179 4302 ste
1190 4267 1283 4316 pmrsus
1294 4251 1383 4316 opinor.
1415 4249 1460 4298 So.

362 4321 499 4376 Ridiculum
511 4330 586 4378 visum
598 4328 635 4388 iri,
646 4347 662 4378 o
673 4331 843 4396 Hermogenes,
854 4334 960 4392 arbitror,
976 4335 1040 4398 quod
1064 4349 1103 4382 res
1121 4334 1179 4398 ipse
1190 4333 1322 4380 imltstione
1333 4347 1374 4396 per
1385 4330 1462 4378 literne

362 4403 511 4472 syllsbssque
529 4410 592 4458 lecte
611 4413 740 4462 menifeste
759 4413 825 4462 tient.
846 4415 1002 4464 neoeusrium
1026 4422 1113 4464 umen.
1136 4412 1297 4478 nequeenim
1315 4411 1399 4459 melios
1417 4411 1461 4458 lsoe

364 4480 476 4532 hebemus
493 4488 629 4554 quicquum,
640 4493 670 4540 sd
688 4493 754 4557 quud
771 4495 922 4558 respicientes
938 4497 969 4546 de
981 4495 1081 4544 reritste
1090 4494 1224 4559 primorum
1235 4492 1360 4542 nominum
1368 4490 1462 4555 jndice·
