3146 5316
127 538 202 618 reo]
546 535 826 601 Psinemoun
1169 546 1232 611 ω

123 693 219 746 elusus?
251 691 349 759 Utique.
381 689 614 757 Ergulpe'ssliimi
630 692 702 742 nerle
717 691 765 742 slis
775 693 855 746 lutere
865 701 931 758 sust,
949 695 1026 746 sderit
1036 695 1136 762 sliqsid,
1154 714 1229 765 sque

123 778 172 827 slis
188 783 266 826 erunt.
296 774 411 826 Neessse.
442 773 566 832 Qsidusm
583 773 609 822 id
623 773 772 838 potissimum
784 775 846 824 erit?
877 775 918 824 ,tu
934 791 982 826 uno
998 776 1095 841 quidem
1113 779 1161 831 slis
1178 795 1227 833 uus

123 866 203 917 esum,
221 871 275 910 eum
290 855 350 904 illud
366 853 466 904 minime
482 854 523 902 u't.
556 853 613 902 Nou
624 862 697 904 sate.
729 853 836 904 Iusiuen
847 855 929 920 iteque
939 857 987 906 elit
997 865 1061 906 seut.
1078 856 1104 908 id
1114 857 1179 908 estin
1189 873 1228 912 su·

125 938 175 986 ln·
184 945 264 989 rutet.
279 935 386 1001 slioquie
396 933 488 984 ssulto
497 934 547 986 slis
556 934 636 984 lutum
651 941 715 984 sunt.
748 933 836 987 lieete.
869 935 964 988 ideireo
978 939 1109 989 mudum
1121 939 1227 991 multitu·

124 1019 193 1068 dines
203 1017 295 1084 singule
305 1017 407 1067 lusine-
418 1017 466 1071 slis
476 1023 540 1066 mut
556 1015 646 1066 etesius
660 1015 793 1066 mundun
804 1031 877 1066 usum
888 1023 1020 1082 nequeunt,
1038 1033 1088 1068 nos
1098 1019 1228 1070 exsistente

123 1112 181 1150 sss.
197 1115 277 1149 mm
287 1099 397 1164 quilibet,
408 1106 436 1148 ut
446 1097 549 1156 siletur,
567 1111 665 1148 seusus
674 1096 768 1150 illomut
786 1097 939 1148 multitudiue
954 1097 1062 1148 infinitus
1076 1098 1185 1156 esu'stits
1202 1107 1228 1154 st

122 1180 217 1246 siqsud
228 1181 353 1230 nlnirsun
369 1186 477 1246 sppsset,
493 1177 612 1244 quispissr
630 1178 748 1241 messit,
758 1177 825 1227 selut
840 1177 866 1228 in
882 1193 966 1228 messe
983 1179 1109 1236 sonnium,
1128 1187 1226 1243 repente

123 1275 166 1326 pru
177 1277 216 1319 eo,
226 1261 292 1326 quud
307 1275 381 1310 uuum
391 1259 468 1310 risun
478 1259 566 1322 lueret,
582 1258 711 1308 multitudo
728 1258 844 1322 main
860 1267 886 1308 et
901 1275 945 1324 pre
963 1273 1003 1316 eu.
1020 1259 1087 1322 qued
1101 1257 1224 1312 nisimtu

123 1351 272 1407 sppsruerst‚
278 1357 350 1408 qusus
361 1342 487 1396 mssiurrus
494 1339 593 1404 jesu,sd
600 1340 643 1390 ills
652 1355 708 1406 quss
717 1356 748 1390 es
758 1356 789 1390 ee
799 1339 888 1390 seleuts
897 1347 923 1389 et
932 1340 1035 1390 dumeti
1045 1351 1110 1398 nist.
1119 1347 1225 1404 sppsret.

124 1421 276 1475 Restlssime.
308 1421 417 1482 Tsllbus,
434 1423 541 1487 luqusru,
558 1421 647 1480 seerris
666 1421 761 1472 &resse
780 1420 943 1473 insieenlis
960 1425 1129 1485 pneumon
1147 1428 1226 1480 eruet,

123 1502 152 1565 si,
166 1517 217 1551 son
235 1504 362 1553 exsistente
372 1519 430 1566 urso,
447 1503 567 1552 slisssut.
599 1500 678 1560 Quem
695 1501 806 1554 russims.
838 1501 873 1553 At
889 1515 939 1552 unu
959 1500 1038 1566 ptus·
1055 1499 1133 1552 semi
1147 1507 1227 1560 mut,

123 1597 224 1646 quorsus
235 1583 337 1649 quilibst
352 1599 415 1638 unus
425 1582 502 1648 prims
511 1581 728 1646 tmustdsttsu,
743 1583 825 1634 sullus
840 1591 920 1632 temen
933 1597 996 1632 usus
1011 1581 1067 1644 etit,
1082 1593 1137 1634 uum
1147 1580 1226 1645 ipen·

122 1677 198 1712 usuro
213 1665 310 1714 misisse
320 1665 370 1714 siti
401 1664 482 1714 Certe.
514 1661 632 1714 Numerus
651 1663 707 1713 ltesu
722 1664 817 1714 tltmn
829 1661 1123 1730 sttqutsesssstdstisurt
1138 1660 1227 1727 stqst·

120 1745 179 1794 ders
190 1751 216 1793 et
225 1757 300 1794 uuum
310 1745 445 1812 quodlibet,
453 1759 508 1794 enm
519 1751 599 1797 unes
614 1744 690 1794 multe
703 1745 761 1794 siet.
791 1745 870 1796 Velds
886 1744 994 1809 qutun.
1025 1743 1097 1794 Psrie
1112 1749 1227 1807 Μ

121 1830 150 1872 et
160 1823 260 1887 irupmie
269 1823 331 1874 lslso
341 1825 494 1883 ridebuntur,
506 1840 553 1874 ouo
563 1839 657 1890 prorsus
666 1825 773 1875 ebsente.
806 1825 886 1876 Felss.
917 1825 991 1886 used
1007 1823 1225 1888 impermistum

121 1903 146 1952 in
159 1901 207 1952 illis
217 1903 293 1968 primu
304 1905 432 1964 ridebitur,
452 1911 478 1955 ut
488 1905 579 1954 dietum
589 1913 634 1964 est,
652 1922 666 1954 e
677 1907 779 1970 vestigio
794 1921 866 1970 quens
882 1904 983 1954 menime
999 1913 1025 1954 et
1034 1919 1105 1968 quum
1116 1903 1226 1968 plurime,

122 1983 203 2048 quoed
214 1984 307 2049 singule
318 2001 399 2049 peres,
411 2001 464 2050 quse
475 1986 547 2035 etism
566 1987 640 2034 multe
651 1993 716 2042 sunt,
731 2001 757 2034 se
768 1985 838 2035 uubis
852 1991 963 2034 ostentet.
978 1984 1052 2048 [lud]
1068 1983 1134 2041 Quid
1145 1981 1227 2048 prohi-

121 2065 178 2113 bet?
212 2064 362 2122 Quinotium
373 2081 470 2115 stersus
481 2066 582 2131 quisque
593 2066 694 2131 nquslis
703 2065 785 2115 multis
803 2065 929 2130 persisque
939 2063 1028 2113 soerris
1039 2079 1090 2112 esse
1100 2061 1226 2112 ridebitur.

122 2161 177 2194 uem
187 2146 251 2194 hund
261 2146 353 2210 liquido
363 2163 393 2195 ex
403 2147 486 2211 mejori
495 2147 522 2196 iu
532 2145 610 2194 miuus
618 2147 729 2196 tremisse
740 2147 866 2203 rideretur,
883 2145 931 2194 uisi
947 2143 1011 2208 prius
1020 2143 1048 2192 in
1059 2140 1162 2192 medium
1173 2155 1226 2206 per·

120 2227 213 2276 venisse
230 2227 293 2276 risus
303 2235 375 2278 esset.
391 2228 438 2277 hon
454 2235 532 2276 sutem
549 2227 689 2291 phmtesms
706 2227 827 2291 quoddsru
843 2225 987 2291 nquslitstis
1004 2223 1057 2274 erit.
1090 2219 1225 2272 Verisimile

123 2313 167 2356 est.
199 2306 288 2357 Nouue
299 2308 329 2356 sd
341 2307 413 2356 elium
423 2319 533 2358 suerrum
544 2309 669 2356 terminum
681 2308 781 2366 hebens,
801 2308 880 2372 ipsum
896 2306 927 2354 sd
943 2321 969 2354 se
980 2305 1059 2369 ipsum
1069 2317 1147 2367 neque
1158 2302 1224 2366 priu-

120 2388 221 2453 cipium,
240 2403 318 2454 unque
328 2387 444 2452 medium,
464 2403 542 2454 neque
553 2388 624 2437 inem
635 2389 725 2437 lssbet?
758 2388 814 2446 Qus
828 2388 859 2436 de
869 2385 959 2436 usum?
992 2384 1057 2441 Quis
1067 2396 1159 2446 semper
1169 2396 1224 2430 euss

120 2469 176 2534 quis
187 2471 270 2518 hurum
281 2468 371 2534 sliquld
382 2469 538 2533 intelligentie
550 2475 685 2530 contuetur,
703 2478 759 2516 ente
770 2465 915 2531 principium
931 2480 1024 2530 semper
1040 2463 1105 2512 eliud
1122 2463 1225 2512 ueeurrit

120 2549 282 2616 principinmr
300 2557 324 2597 et
335 2556 391 2613 post
401 2549 471 2598 linem
483 2549 542 2598 slter
550 2565 642 2614 semper
655 2549 709 2597 finis
726 2548 889 2612 subsequitur:
907 2561 951 2595 neu
966 2561 1015 2594 non
1031 2544 1056 2592 in
1070 2542 1159 2601 medio,
1176 2543 1224 2592 ulie

119 2645 216 2693 temper
226 2627 345 2685 interiore,
355 2643 426 2693 quem
435 2629 548 2686 medium,
559 2643 697 2693 semperque
705 2627 805 2686 ruiuors,
812 2628 844 2675 ob
851 2626 885 2684 id,
893 2625 950 2690 quis
957 2624 1042 2688 nequit
1052 2638 1124 2672 uuum
1131 2623 1222 2687 sliquid

119 2711 145 2759 in
152 2709 192 2760 isis
202 2709 289 2774 sculpi,
300 2725 355 2758 eum
367 2725 440 2757 unum
451 2708 547 2758 minime
556 2710 595 2759 sit.
627 2708 756 2758 Verissims
763 2707 874 2772 loqueris.
906 2704 1018 2769 Discerpi
1026 2702 1131 2768 denique
1140 2717 1223 2752 neees-

121 2791 183 2840 ssrio
202 2790 309 2854 srbitrur,
327 2796 355 2838 ot
371 2789 512 2854 dispersum,
536 2788 696 2854 quodeunque
715 2787 873 2854 intelligentie
890 2787 945 2852 quis
964 2784 1106 2834 sssnruserit.
1132 2797 1224 2847 semper

120 2871 184 2921 euim
194 2885 291 2920 suerrus
308 2869 378 2919 unius
391 2887 475 2935 expers
489 2871 612 2934 sculpitur.
646 2870 734 2920 Procul
749 2869 831 2919 dubio.
864 2867 953 2918 Nonne
966 2867 1012 2916 lton
1029 2863 1076 2914 tsle
1094 2863 1188 2912 eminus
1197 2869 1224 2912 et

121 2953 204 3002 obtuse
222 2951 377 3017 prospicienti
395 2967 468 3000 onum
487 2951 603 3015 sppsret?
637 2949 751 3001 Necesse.
785 2949 900 3000 Coruinus
915 2955 995 2997 sutem
1009 2952 1034 2996 et
1049 2951 1119 2994 seute
1134 2943 1222 2992 iutelli-

120 3034 186 3101 geuti
197 3035 383 3100 unumquodque
394 3033 546 3082 multitudiue
557 3032 694 3082 inlinitum?
711 3033 730 3081 si
741 3031 837 3096 quidem
849 3031 879 3080 sb
896 3045 945 3080 uuo
956 3044 1005 3078 non
1016 3027 1142 3078 exsistente
1153 3025 1222 3074 dese·

119 3116 186 3166 ritur.
218 3115 271 3164 Pte
281 3115 365 3164 ceteris
372 3112 529 3162 necessnriuru
540 3114 586 3162 lroe
596 3119 641 3162 est.
673 3111 703 3161 In
714 3113 777 3162 lsune
793 3111 876 3176 itsque
887 3109 984 3159 modum
994 3107 1097 3168 infinite,
1113 3112 1140 3154 et
1149 3105 1221 3154 linem

120 3195 240 3253 hebeutis,
251 3201 277 3244 et
286 3210 368 3251 unum,
378 3202 405 3243 et
416 3193 500 3255 mults,
510 3192 623 3258 quelibet
633 3192 681 3242 slis
691 3208 804 3258 sppsrere
816 3198 919 3256 oportet,
939 3191 959 3236 si
970 3203 1018 3236 uun
1027 3201 1109 3242 unum,
1121 3184 1162 3233 sed
1174 3183 1223 3232 slis

120 3285 288 3341 proterunum
304 3283 368 3324 suut.
401 3273 504 3338 Oportet
522 3274 614 3338 utique.
644 3273 685 3322 Au
701 3289 750 3321 nun
768 3273 852 3322 similis
868 3284 965 3336 quoque
982 3275 1008 3316 et
1023 3264 1222 3314 dissimilioride·

121 3358 225 3406 buntur?
256 3356 292 3405 At
307 3355 447 3420 quomodo?
480 3354 543 3402 Nsm
561 3369 616 3403 enm
628 3353 695 3401 selut
709 3353 848 3400 sdumbrste
865 3351 957 3400 eminus
975 3345 1127 3410 prospicienti
1146 3358 1221 3392 uuum

121 3445 252 3500 sppsresnt
269 3437 356 3495 omnis,
375 3437 400 3484 iu
423 3435 508 3484 eodem
534 3434 614 3498 sliquo
642 3431 826 3488 communiente,
854 3429 986 3492 similisque
1001 3441 1053 3475 esse
1070 3423 1223 3474 ridebuntur.

120 3517 228 3568 Prorsus.
257 3516 291 3566 ts
301 3533 355 3568 seru
366 3517 465 3582 propius
476 3515 609 3572 secedenti,
620 3514 695 3563 mults
706 3520 730 3562 et
739 3511 826 3562 sltem:
845 3519 917 3574 etque
927 3509 979 3572 ipso
990 3503 1132 3554 diversitatis
1142 3503 1220 3567 plen.

119 3605 220 3646 usmete
229 3597 300 3648 slters
310 3599 355 3647 eibi
366 3597 424 3663 ipsis
433 3595 605 3648 etdissimilie.
638 3595 678 3644 Sin
694 3593 790 3644 seeidit.
824 3592 917 3643 Similes
935 3591 991 3638 item
1009 3594 1080 3652 stque
1095 3583 1221 3634 dissimiles

119 3679 185 3742 ipsus
194 3694 298 3738 mnus,
309 3687 357 3728 tum
370 3677 472 3736 sibimet,
479 3685 529 3726 tum
541 3677 642 3726 invinem
652 3691 766 3741 nppsrere
776 3689 872 3724 necesse
882 3679 926 3722 est.
957 3670 991 3720 Et
1001 3668 1101 3718 menime
1111 3666 1218 3732 quidem·

117 3759 207 3809 Nonne
222 3761 294 3810 etism
305 3761 401 3810 eusdem
413 3767 438 3809 et
448 3758 534 3808 slteros
544 3758 663 3808 iusicems
682 3765 707 3806 et
722 3756 847 3822 contiguos
864 3753 918 3819 sibi,
936 3759 962 3802 et
970 3765 1073 3802 norsum
1084 3765 1098 3798 s
1108 3764 1134 3797 se
1150 3747 1218 3814 ipsis,

119 3841 274 3906 omnibusque
285 3841 387 3890 motibus
397 3841 507 3906 egltstos,
528 3850 553 3890 et
568 3840 674 3905 undique
685 3845 857 3904 permenius,
874 3835 975 3884 orientes
991 3841 1017 3882 et
1026 3831 1172 3891 oeeidentes,
1189 3843 1219 3878 su

117 3929 211 3984 ueutrs,
221 3922 349 3985 omnisque
360 3921 506 3986 hujusmodi,
517 3937 572 3987 que
582 3921 679 3986 quidem
690 3935 824 3985 percurrere
834 3917 905 3967 iscile
914 3915 985 3966 uulsis
995 3921 1067 3976 esset,
1076 3913 1096 3960 si
1108 3925 1157 3957 uno
1168 3923 1218 3956 non

116 4003 246 4056 exsistente
265 3999 338 4046 multe
356 3999 457 4048 luerim?
493 4001 623 4050 verissime
641 4015 727 4050 nsrrss.
759 3997 899 4047 Redeuntes
908 3995 959 4059 jesu
979 3994 1062 4042 iterum
1079 3990 1110 4038 sd
1129 3987 1217 4054 priuci-

115 4083 192 4147 pium,
209 4080 367 4143 desistemus,
385 4095 457 4128 uuum
473 4082 495 4134 si
505 4097 554 4130 nou
564 4087 609 4138 est,
627 4080 740 4146 quidusm
758 4079 811 4128 sliis
827 4085 911 4142 preter
929 4089 1002 4123 uuum
1018 4079 1157 4120 eventurum
1177 4067 1217 4118 sit.

115 4163 282 4215 Deeleseruus.
314 4157 436 4223 Principio
451 4161 524 4224 igitur
541 4176 614 4208 unum
632 4161 680 4209 slis
692 4175 741 4210 uou
757 4167 835 4208 erunt.
869 4155 997 4214 Quomodo
1015 4149 1096 4199 enimi
1129 4148 1217 4213 Neque

115 4227 290 4292 umen'mults.
307 4240 332 4288 iu
342 4239 372 4289 iis
380 4239 454 4296 euim,
469 4255 524 4304 que
534 4239 608 4289 mults
619 4247 683 4303 suut,
692 4239 755 4288 inest
765 4245 791 4287 et
809 4251 890 4285 uuum.
907 4233 995 4284 etenim
1006 4229 1151 4280 siuullumus
1162 4228 1218 4278 illu·

114 4339 165 4372 mm
175 4329 212 4372 est
223 4337 308 4385 unum,
319 4322 407 4371 cuncte
417 4319 476 4368 nihil
494 4327 559 4384 sunt,
575 4325 719 4384 quopropter
730 4333 807 4382 neque
819 4315 902 4364 mults.
935 4313 998 4363 Vere
1008 4309 1120 4376 loqueris.
1153 4309 1216 4362 Cum

112 4405 195 4468 itsque
213 4417 286 4451 unum
305 4394 369 4452 heird
388 4401 446 4451 insit
467 4400 530 4466 eliis,
551 4415 597 4450 neo
615 4399 697 4462 mults,
716 4413 762 4447 nen
779 4411 852 4446 uuuns
869 4403 932 4446 sunt.
964 4393 1021 4443 Nun
1044 4391 1123 4458 plsue.
1140 4390 1216 4456 [tut]

114 4483 201 4549 Neque
211 4483 282 4533 etism
292 4491 409 4549 sppnreut
419 4498 504 4546 unum,
520 4489 562 4530 sut
577 4478 658 4534 nutu.
690 4477 811 4530 Coruum?
844 4475 964 4540 Quouism
982 4473 1029 4523 slis
1039 4487 1093 4524 eum
1105 4471 1144 4529 iis,
1159 4487 1215 4537 qun

116 4579 166 4613 11011
176 4571 240 4621 111111,
250 4563 342 4614 nullum
351 4579 445 4631 prossus
456 4561 621 4616 commercium
632 4561 731 4627 hebent,
740 4575 818 4626 neque
828 4558 958 4626 quidquem
969 4573 998 4607 er
1008 4555 1046 4620 iis,
1054 4571 1108 4620 que
1118 4551 1216 4604 minime
