3144 5310
333 528 393 586 ιιι
778 519 978 580 rurrours
1375 527 1435 605 [re

332 681 379 730 boe
390 679 475 728 orienti
486 675 613 728 occurrieee
629 671 784 740 predieerirn.
818 673 892 722 ttex.
907 671 977 730 At,o
992 671 1110 732 Soereter,
1120 689 1272 744 nequeqneur
1284 676 1382 728 difficile
1396 687 1436 728 eet

332 761 358 809 id
370 759 464 810 dicere:
481 764 506 806 et
516 757 590 822 primo
600 755 706 822 quidem,
716 755 735 804 el
746 755 821 810 lubet,
834 769 888 816 qum
897 753 939 802 riri
957 753 988 802 eit
999 754 1080 804 virtue.
1114 755 1174 806 Here
1186 757 1257 821 plene
1272 765 1319 814 eet,
1335 757 1365 806 ed
1377 757 1437 807 eiri-

333 841 390 890 llnm
398 855 472 888 rerum
484 837 709 888 administrationem
721 835 875 884 eufficientem
887 849 947 891 enee,
959 834 1034 899 linque
1045 837 1174 886 trectendie
1185 837 1274 886 eruiooe
1281 837 1378 901 juvere,
1389 838 1436 886 irri-

333 920 407 968 rnieoe
424 919 524 968 ledere:
542 933 586 966 nec
605 933 653 965 non
672 917 796 980 diligenter
810 930 901 970 cerere,
913 931 943 963 ne
960 916 1019 979 quid
1039 917 1092 979 ipre
1110 918 1157 966 tele
1176 917 1305 981 eliquendo
1323 919 1438 984 petietur.

332 999 405 1056 Quod
417 1001 435 1048 ri
451 1000 557 1060 ulterior,
568 1014 621 1063 que
640 997 671 1046 eit
689 997 791 1048 mulierie
802 996 883 1052 virtue,
894 1011 963 1044 noete
974 997 1080 1060 requirit,
1091 1013 1170 1062 neque
1181 999 1206 1046 id
1217 1000 1316 1047 erdnum
1328 1001 1383 1050 erit.
1399 1008 1437 1048 eet

332 1081 395 1129 enim
407 1081 510 1130 mulierie
520 1081 601 1136 virtue,
612 1081 707 1128 domurn
720 1085 782 1127 recte
794 1078 933 1140 gubernere,
941 1078 998 1125 dum
1014 1079 1117 1125 custodit
1127 1078 1258 1127 domentice
1267 1079 1368 1144 viroque
1378 1081 1438 1130 obe-

332 1161 376 1209 dit.
407 1160 462 1209 Alie
474 1176 568 1224 quoqne
579 1159 651 1207 virtue
669 1167 706 1207 ert
723 1157 800 1221 pueri,
815 1155 965 1220 sentiumque,
976 1165 1001 1204 et
1019 1158 1126 1220 merculi,
1136 1165 1162 1206 et
1172 1159 1213 1207 riri
1226 1159 1278 1223 jem
1297 1169 1370 1208 mtete
1387 1177 1439 1209 me·

334 1242 397 1292 turi:
414 1257 459 1290 nec
470 1257 518 1288 non
530 1241 606 1296 liberi,
616 1240 635 1288 ei
646 1237 714 1296 velie,
725 1238 816 1293 elie,=et
830 1237 877 1290 elie
895 1238 963 1290 terri.
979 1237 1037 1301 [72]
1055 1247 1127 1301 etque
1137 1239 1190 1286 elie
1201 1240 1324 1302 permulta
1336 1242 1435 1290 virtuter

333 1323 447 1371 erietunt.
468 1322 618 1386 quemobrem
638 1319 702 1368 heud
732 1318 801 1367 nobit
818 1319 893 1374 deert,
913 1317 971 1382 quid
992 1320 1024 1366 de
1044 1316 1137 1366 virtutis
1161 1319 1301 1369 delinitione
1318 1321 1434 1370 dicemur.

332 1403 458 1452 Enimvero
467 1403 596 1452 recundum
608 1399 711 1464 ninguine
723 1400 829 1448 ectionee
840 1406 912 1462 etque
923 1406 1005 1448 mteter
1017 1399 1046 1446 ed
1059 1415 1130 1462 opere
1142 1400 1234 1464 singule
1246 1400 1347 1464 siugulis
1358 1402 1435 1450 bomi-

332 1483 402 1533 nibnr
410 1484 482 1533 virtue
492 1485 568 1532 edent.
599 1481 709 1530 Totidem
721 1488 833 1545 preterre
847 1480 912 1528 etde
924 1479 994 1536 vitio,
1005 1496 1019 1527 n
1030 1480 1147 1536 Socretee,
1160 1489 1186 1528 ut
1198 1481 1305 1539 arbitror,
1316 1483 1364 1531 diei
1376 1497 1431 1546 poe·

333 1573 393 1613 nent.
426 1565 468 1614 80.
485 1563 541 1612 Non
553 1562 699 1612 mediocriter
709 1562 735 1610 in
748 1561 792 1610 hec
804 1559 930 1610 venatione
945 1561 1079 1610 lortunetue
1090 1577 1151 1618 eum,
1163 1577 1177 1610 o
1189 1563 1291 1618 Menon,
1303 1563 1322 1610 ei
1334 1563 1430 1628 quidem

331 1660 402 1692 onem
414 1645 522 1692 virtutem
535 1643 679 1708 inventiqune
695 1658 794 1692 ernruen
811 1643 931 1706 quoddern
943 1641 1055 1690 virtutum
1067 1643 1131 1704 epud
1144 1651 1168 1690 te
1178 1643 1336 1704 hphitentium
1348 1645 1432 1709 reperi.

333 1725 537 1780 Verumtemen,o
555 1724 658 1784 Menon,
670 1723 799 1770 secundum
818 1720 1016 1785 hoc'erernplum
1032 1723 1155 1783 examinis,
1164 1723 1184 1770 ei
1200 1739 1247 1781 nre,
1263 1739 1318 1788 que
1335 1725 1366 1772 eit
1379 1725 1430 1788 epie

331 1803 407 1868 ipeiue
418 1804 557 1860 substantie,
568 1809 730 1867 percontenle,
750 1801 892 1865 multiplicer
909 1802 1002 1850 illenim
1021 1817 1072 1850 eree
1090 1803 1234 1850 enbntentiee
1250 1804 1429 1868 reepondieeeer

330 1891 402 1948 etque
419 1900 463 1948 eqo
482 1883 566 1932 iterum
583 1891 607 1931 te
623 1897 736 1946 regerem,
746 1881 772 1930 N
774 1882 862 1946 unqnid
875 1899 903 1930 ee
915 1884 960 1930 hoe
970 1881 1005 1930 eie
1015 1897 1087 1946 epum
1103 1883 1245 1930 euhetentiee
1255 1899 1307 1932 eene
1318 1885 1431 1948 direreee,

331 1980 380 2030 quo
396 1980 456 2028 epm
470 1972 542 2014 runt:
557 1979 590 2012 en
607 1963 654 2012 elio
673 1963 794 2028 quopiem,
812 1961 885 2012 veluti
902 1963 1075 2026 pulchritudine
1087 1962 1123 2012 rel
1142 1964 1305 2026 meqnitudine
1319 1971 1367 2014 eut
1384 1965 1431 2014 elio

331 2045 444 2112 quopiem
470 2043 623 2108 hujusmodi?
649 2044 719 2108 quid,
741 2044 847 2106 inquere,
867 2043 900 2092 ric
920 2043 1076 2106 interrogetur
1094 2043 1239 2107 petierimum
1257 2045 1431 2108 reeporrderee?

330 2125 406 2176 Μιιι.
423 2125 495 2184 Quod
508 2126 608 2176 invicem
620 2140 650 2173 eo
661 2139 709 2189 qno
720 2139 777 2187 epee
788 2131 853 2180 eunt,
863 2121 958 2172 minime
969 2123 1091 2172 differunt.
1125 2123 1166 2173 So.
1181 2123 1212 2172 Et
1222 2125 1241 2172 ei
1252 2140 1296 2188 ego
1308 2132 1365 2188 poet
1376 2125 1430 2174 hmo

330 2206 442 2262 dicerem,
453 2204 518 2262 Quid
529 2219 584 2268 ergo
593 2205 619 2254 id
629 2213 674 2262 eet,
686 2220 701 2252 0
713 2204 815 2266 Menon,
826 2220 874 2268 quo
883 2203 979 2252 mininie
989 2203 1112 2262 differunt,
1122 2205 1161 2252 red
1173 2205 1232 2252 idem
1243 2212 1337 2252 cuncte
1348 2204 1426 2254 eunt?

330 2284 468 2334 Habereeue
478 2285 542 2348 quod
552 2283 607 2332 urihi
620 2284 788 2348 rerponderee?
821 2284 896 2334 Meu.
912 2283 1030 2332 lleherom
1038 2284 1153 2347 pmlecto.
1182 2283 1222 2334 So.
1239 2283 1329 2334 Eodem
1339 2285 1427 2354 iteqne

329 2365 421 2414 rerione
431 2364 538 2422 virtuter,
549 2379 684 2429 quenquam
695 2365 776 2414 multe
786 2373 859 2428 etque
869 2363 939 2413 verim
948 2371 1012 2422 rnnt,
1024 2380 1095 2413 ιιιιιιιι
1107 2373 1184 2414 temen
1194 2364 1295 2428 speeiem
1304 2365 1428 2428 quendem

327 2444 355 2502 in
366 2444 586 2494 omnibueeeudem
605 2443 702 2504 hebent,
719 2461 767 2510 que
777 2445 875 2494 virtuter
890 2445 1002 2504 existunt,
1014 2446 1039 2494 in
1054 2462 1125 2510 quem
1144 2445 1258 2510 reepieere
1274 2447 1347 2494 decet
1364 2461 1428 2504 enm,

327 2521 374 2588 qni
389 2539 542 2588 reepnueorue
560 2526 590 2573 rit
606 2525 757 2592 interrogenti
771 2527 892 2592 cuiquem,
903 2526 960 2591 quid
974 2527 1047 2576 rirtur
1058 2529 1096 2578 eit.
1128 2526 1237 2576 Tenesne
1255 2526 1313 2590 quid
1332 2527 1426 2576 dicem?

328 2605 403 2655 illuri.
422 2605 556 2670 tnnuigere
574 2607 633 2655 mihi
652 2607 745 2656 viduor:
769 2608 875 2656 nondum
893 2615 980 2664 temen,
999 2617 1026 2656 ιι
1044 2608 1137 2665 vellem,
1154 2609 1220 2672 quod
1240 2608 1365 2672 quesitum
1383 2615 1427 2669 eet,

328 2687 513 2750 comprehendo.
546 2687 588 2740 So.
604 2687 689 2737 Utrum
701 2705 755 2737 vero
766 2689 829 2737 circe
847 2690 956 2738 virtutem
972 2688 997 2738 id
1016 2690 1102 2747 tolum,
1121 2705 1136 2736 o
1153 2689 1257 2746 Menon,
1272 2687 1316 2736 tihi
1328 2688 1427 2750 ridetur,

327 2766 398 2816 elienr
409 2767 503 2832 quidem
516 2767 558 2815 riri
569 2783 630 2827 eree,
641 2769 711 2817 eliem
722 2767 825 2818 mulieris
836 2776 861 2817 et
879 2769 951 2816 elium
965 2767 1107 2832 reliquorum
1118 2787 1124 2816 ι
1142 2783 1172 2816 ιιι
1184 2768 1257 2818 etiem
1267 2768 1329 2818 cirre
1340 2768 1427 2818 renite-

328 2855 375 2896 tem
387 2847 621 2913 megnitudinemque
632 2857 657 2898 et
668 2850 737 2898 robur
747 2851 831 2898 eodem
843 2850 925 2912 modo,
936 2857 962 2896 ut
973 2847 1019 2897 nlie
1027 2848 1123 2912 quidem
1131 2849 1174 2896 riri
1183 2848 1272 2896 uniter
1280 2849 1318 2905 eit,
1325 2848 1427 2896 mulierie

327 2928 393 2978 eliel
409 2944 439 2976 en
458 2928 537 2992 potine
552 2930 635 2978 eedem
653 2930 741 2994 ubique
757 2930 846 2978 eenitee
865 2929 957 2993 epcciee
969 2936 1014 2986 est,
1026 2931 1047 2978 ei
1065 2929 1160 2994 quidem
1172 2929 1261 2978 ueniter
1272 2931 1312 2986 eit,
1323 2944 1362 2976 eeu
1374 2928 1425 2978 viro

326 3009 378 3058 eive
396 3009 486 3059 mulieri
505 3009 555 3060 rire
569 3009 637 3060 elteri
647 3010 746 3059 cuilibet
756 3009 835 3058 edeitl
869 3010 943 3058 Meu.
960 3009 1050 3060 Eedern
1062 3010 1121 3059 mihi
1130 3009 1221 3058 ueniter
1231 3017 1257 3058 et
1267 3009 1311 3057 viri
1321 3008 1390 3056 simul
1401 3016 1427 3058 et

326 3089 429 3141 mulieris
440 3106 493 3139 eree
503 3091 604 3139 videtur.
637 3089 681 3138 So.
697 3089 786 3140 Nonne
796 3089 875 3154 igitur,
887 3091 905 3138 ei
918 3091 1014 3152 quidem
1027 3093 1122 3140 roburle
1130 3091 1161 3139 rit
1169 3091 1267 3147 femine,
1277 3091 1361 3138 eedem
1371 3105 1427 3154 epe·

326 3169 364 3218 cie
375 3170 462 3218 roboris
473 3171 569 3220 robuste
577 3171 638 3220 erit?
655 3187 709 3220 cnnr
721 3187 775 3220 nero
791 3171 891 3220 eundem
908 3173 973 3233 dico,
982 3173 1047 3235 quod
1066 3171 1124 3220 nihil
1140 3171 1230 3226 differt,
1242 3187 1289 3234 que
1307 3172 1384 3227 mbnr,
1395 3171 1426 3218 ed

325 3249 372 3300 boc
383 3250 446 3315 quod
459 3252 528 3300 robur
538 3251 569 3300 eit
579 3250 695 3316 intelligo,
707 3267 749 3300 eeu
761 3252 810 3300 riro
821 3266 863 3301 reu
881 3252 973 3300 mulieri
984 3253 1050 3300 inrit.
1066 3267 1123 3300 num
1140 3251 1184 3300 tihi
1200 3251 1296 3300 dlli'erre
1307 3252 1386 3316 ulique
1396 3267 1427 3300 ee

327 3337 393 3394 perte
403 3331 510 3382 ridetur?
543 3332 618 3382 Mure.
635 3332 745 3382 Minime.
763 3332 820 3396 [71]
838 3333 881 3381 80.
898 3332 961 3397 Ergo
980 3341 1007 3381 et
1023 3333 1095 3382 virtue
1116 3332 1146 3380 ed
1166 3332 1192 3381 id
1210 3333 1275 3397 quod
1296 3333 1368 3380 rirtne
1386 3333 1427 3394 sit,

324 3410 467 3468 differreme,
479 3427 521 3460 eeu
529 3409 641 3475 juvenem
653 3429 694 3460 eeu
707 3429 796 3470 renem,
805 3413 853 3462 rire
864 3413 939 3466 rirum
957 3423 1025 3462 ornet
1043 3413 1093 3462 rire
1107 3412 1236 3462 seminem?
1270 3413 1347 3462 Meu.
1362 3411 1427 3462 Mihi

325 3491 458 3556 quidem,o
477 3493 650 3550 &carenum
668 3501 797 3543 ceterorum
817 3493 892 3542 simile
909 3507 1060 3558 nequeqnem
1079 3493 1242 3542 eeeeridetur.
1275 3493 1320 3544 80.
1337 3491 1426 3542 Nonne

326 3571 369 3622 riri
383 3572 491 3620 uirtutem
511 3587 562 3620 eree
579 3572 669 3635 dixisti,
687 3581 750 3623 rente
766 3590 813 3623 rom
833 3574 950 3638 publicem
967 3575 1105 3638 gubernere,
1123 3573 1227 3622 mulierie
1239 3589 1294 3621 vern
1310 3574 1426 3622 domum?

326 3651 401 3699 Μιιι.
418 3651 476 3700 Diei
491 3652 610 3714 equidem.
643 3653 687 3703 8ο.
704 3653 743 3703 An
762 3663 841 3718 potent
858 3655 981 3718 quiequem
993 3653 1267 3704 ciritntemreldomum
1284 3654 1427 3718 enteliqnid

325 3731 389 3780 eliud
401 3739 464 3780 recle
472 3731 607 3794 dieponere,
616 3733 660 3782 niei
670 3740 798 3798 temporete
812 3735 861 3786 rire
869 3733 995 3799 prudenter
1003 3750 1031 3784 ec
1038 3734 1104 3799 juste
1114 3733 1243 3798 disponet?
1276 3733 1353 3783 Men.
1368 3733 1427 3782 Non

327 3820 399 3860 oerte.
432 3812 474 3860 8ο.
490 3811 579 3872 Nonne
589 3813 608 3860 ei
619 3821 748 3878 temperele
763 3814 875 3879 justeque
892 3815 1030 3872 inetituunt,
1041 3814 1195 3878 temperentia
1203 3812 1347 3878 juetitieque
1357 3813 1428 3864 inuti·

325 3892 410 3940 tuenti
443 3891 517 3942 uren.
534 3891 639 3942 Nceeere
649 3903 694 3944 ert.
728 3895 772 3944 80.
789 3896 900 3959 Utrisque
911 3895 982 3960 igitur
994 3903 1040 3961 tem
1053 3896 1088 3943 rir
1106 3910 1177 3960 quem
1196 3893 1279 3943 molier
1295 3895 1428 3958 indigenti

323 3971 381 4020 boni
398 3972 537 4031 luturielnl,
556 3975 710 4038 temperentia
726 3975 817 4024 scilieet
835 3984 906 4040 etque
920 3975 1024 4040 justitie.
1058 3975 1133 4026 lllnrr.
1150 3974 1266 4039 Appnet
1301 3976 1344 4023 80.
1361 3975 1427 4032 Quid

321 4067 378 4100 vero
389 4067 446 4116 puer
456 4069 485 4103 ec
494 4069 575 4110 renen,
586 4055 642 4104 durn
654 4055 801 4119 intemperati
811 4065 837 4104 et
846 4054 929 4119 injusti
939 4063 1026 4113 errent,
1038 4072 1093 4104 num
1106 4056 1163 4104 boui
1173 4055 1320 4104 existerent?
1348 4055 1426 4106 Mne.

321 4129 489 4196 Neqnnquem.
522 4135 563 4184 So.
581 4133 615 4184 At
631 4137 687 4184 duru
703 4137 826 4200 temperati
844 4145 869 4186 et
881 4136 961 4200 justi?
994 4137 1068 4184 Mun.
1086 4135 1132 4184 Ite.
1166 4137 1209 4187 So.
1227 4135 1341 4186 Universi
1352 4136 1423 4200 igitur

320 4211 428 4260 hominee
436 4215 519 4264 eedem
531 4215 620 4264 retione
631 4217 687 4264 boni
699 4217 767 4266 finnt.
785 4233 839 4266 nem
850 4217 980 4266 eorundem
993 4217 1177 4281 perticipatione
1193 4216 1251 4264 boni
1267 4231 1363 4279 eemper
1372 4215 1423 4264 elli-

229 4352 234 4363 (
321 4290 424 4340 ciuntur.
455 4293 529 4344 Meu·
546 4295 656 4346 Videtur.
689 4297 731 4346 So.
748 4295 1426 4360 Nunquernnnneedernretionebonihereut‚nicedem

321 4368 414 4459 illorum
425 4372 497 4426 virtue
507 4377 585 4424 erecti
619 4377 693 4426 Men.
709 4376 848 4442 Nunqnenr.
882 4379 925 4428 So.
945 4377 1065 4436 Quoniem
1076 4392 1132 4440 ergo
1143 4377 1226 4424 eedem
1238 4367 1312 4425 rir'tue
1324 4385 1423 4424 estom-

323 4461 399 4502 tnum,
409 4465 492 4502 cocere
503 4455 528 4502 in
547 4457 680 4506 memorien
702 4459 821 4516 reducere,
831 4459 944 4524 quiduem
961 4460 1007 4508 boc
1018 4473 1069 4507 eree
1081 4457 1181 4522 Gorgiae
1192 4456 1278 4505 dixerit
1290 4471 1319 4506 ee
1330 4465 1357 4504 ιιι
1374 4471 1425 4513 une

322 4529 476 4580 tonrentrrie.
509 4534 582 4584 Men.
599 4537 719 4596 Quidnem
731 4539 795 4590 eliud
807 4554 877 4604 quem
890 4553 989 4606 preeeee
997 4539 1129 4588 hominihus
1142 4535 1229 4602 poste?
1246 4536 1265 4584 ei
1277 4537 1338 4602 quid
1349 4551 1426 4596 unum
