3144 5310
343 531 404 592 2⁶4
789 519 987 580 ruurours
1014 521 1020 532 ·
1364 521 1438 599 [199

342 691 504 736 numeratuma
511 687 547 732 eat
555 681 592 730 vel
599 676 880 740 i‘ecturua'grammaticua.
896 674 965 722 Tunc
972 671 1036 722 enirn
1046 672 1123 722 acient
1130 672 1213 724 itentnt
1224 683 1304 724 000000
1312 673 1373 738 ipae.
1384 689 1438 738 quar

344 769 400 830 anit,
408 766 497 814 diaeera
507 769 592 810 tentat.
614 759 681 807 Tua.
697 756 733 806 Ar
748 756 875 804 00000000
886 762 923 802 eat
933 753 1006 812 iatud‚
1017 769 1032 802 0
1042 754 1158 804 Socraten.
1176 754 1221 804 80.
1238 755 1278 803 Ao
1287 754 1440 804 00100οἰ000-

343 850 410 902 dnm,
419 841 562 909 aneoerc'it,
573 855 602 888 ea
610 840 646 890 rei
654 853 774 886 numerare
784 836 821 885 rei
831 835 917 900 legere,
926 849 981 883 cum
993 834 1093 898 ipn'jaur
1103 835 1220 884 literarum
1240 835 1315 900 [1⁹9]
1333 836 1439 884 omnium

342 927 381 976 aei
392 923 539 974 nurn'erorum
549 917 729 983 intelligentiam
746 915 927 965 tradiderimus?
959 915 1025 966 Tne.
1042 915 1096 964 Hoc
1115 931 1211 980 quoque
1225 916 1362 964 abaurdonr.
1395 915 1438 964 80.

340 1007 384 1056 vn
394 1021 450 1070 erqo
460 1001 633 1054 dicamnrnihil
645 1014 724 1048 curare
736 1013 790 1057 noa,
800 995 1014 1060 quomodocunque
1030 995 1165 1044 nominibua
1179 995 1270 1044 aciendi
1281 994 1438 1058 discendique

343 1088 443 1153 quiaque
454 1083 550 1134 utatur?
569 1083 573 1097 ¹
583 1081 711 1144 Portquam
722 1093 778 1128 vero
786 1077 992 1126 deternrinarirnua
1000 1075 1065 1124 aiiud
1074 1076 1187 1140 quiddam
1194 1091 1245 1124 0000
1254 1075 1376 1124 0000000000
1383 1090 1437 1138 poa·

343 1170 430 1226 aidere‚'
444 1166 508 1214 aiind
525 1165 627 1212 haberer
645 1159 708 1224 quud
722 1159 775 1222 qnia
793 1157 908 1221 00000000,
923 1173 954 1205 00
965 1157 1094 1220 poarideat.
1111 1156 1160 1206 ficri
1174 1172 1222 1206 000
1240 1155 1438 1220 porrodicium.

344 1245 494 1314 Quapropter
505 1257 624 1307 uunquam
634 1239 730 1294 accidit.
742 1246 769 1288 nt
778 1237 863 1302 aliquia
873 1238 937 1300 qood
956 1236 1010 1296 acit,
1020 1237 1083 1285 idem
1103 1244 1128 1284 et
1142 1236 1241 1286 neaciat.
1257 1235 1342 1284 iaiaarn
1359 1243 1436 1282 tamen

343 1329 478 1394 opinionem
488 1327 551 1375 circa
562 1324 586 1372 id
598 1322 675 1386 ipanm
687 1319 764 1384 accipi
775 1333 853 1382 poaae.
886 1317 949 1367 Nam
967 1318 1074 1368 accidere
1093 1325 1180 1382 potent,
1191 1325 1218 1366 ut
1234 1317 1357 1367 amentiam
1369 1316 1437 1364 onina

341 1427 386 1475 pro
396 1409 492 1459 alterina
501 1403 600 1456 acientia
611 1402 739 1466 capiamur.
751 1399 847 1464 quando
859 1398 943 1464 aliquia
955 1407 1059 1446 noatnun
1079 1414 1149 1447 unam
1168 1399 1287 1461 quandam
1299 1413 1329 1446 ex
1341 1396 1438 1446 interaia

342 1489 446 1540 acientiia
456 1500 577 1549 aucupum
587 1499 631 1548 pro
647 1479 689 1530 iiia
706 1479 775 1529 0Ιίιο
794 1479 960 1542 preroiantem
976 1479 1091 1542 deceptor
1108 1479 1283 1542 apprehendit:
1301 1477 1374 1526 veluti
1384 1492 1437 1526 corn

342 1571 454 1621 undecim
464 1566 591 1616 duodecim
608 1578 659 1612 0000
678 1567 755 1625 potat,
767 1559 870 1623 iptorum
888 1559 998 1608 undecim
1016 1560 1138 1608 acientiam
1150 1562 1202 1610 ioco
1213 1560 1436 1623 acientieipaorum

276 1653 284 1676 ¹
342 1650 478 1706 duodecim,
496 1663 549 1696 cum
569 1653 666 1707 utraque
684 1641 747 1690 intua
767 1647 869 1697 maneat.
888 1640 994 1704 capient,
1012 1641 1079 1704 quaai
1100 1657 1143 1705 pro
1164 1641 1273 1690 columba
1294 1640 1436 1705 palumbem.

341 1732 407 1780 Tor.
425 1727 555 1778 Veriaioriie
566 1725 590 1773 id
602 1724 707 1788 quidem.
739 1721 783 1769 So.
798 1719 858 1770 Corn
871 1735 925 1768 rem
941 1736 1013 1784 quarn
1030 1721 1136 1783 affectat,
1146 1722 1317 1786 apprehendit,
1328 1729 1386 1770 tuuc
1397 1737 1435 1770 ea·

342 1817 431 1876 pertcrn
441 1825 492 1858 0000
507 1805 626 1856 mendacii
640 1817 742 1867 veraque
758 1801 864 1850 nimirum
880 1802 973 1865 opinari
991 1801 1130 1851 dicendum.
1144 1811 1170 1862 et
1186 1803 1231 1852 boc
1243 1803 1314 1850 modo
1326 1817 1404 1850 aeram
1414 1809 1438 1850 et

341 1891 423 1940 ideam
434 1889 570 1954 opinionem
581 1885 688 1940 exlatere,
699 1883 807 1946 nihilque
817 1899 846 1932 ea
856 1883 898 1944 iia,
914 1898 969 1946 quar
984 1899 1027 1932 nor
1037 1898 1108 1947 aupra
1120 1884 1254 1938 turbabant.
1263 1884 1435 1948 impedimento

341 1971 410 2020 nobie
427 1971 484 2018 iore.
518 1967 586 2016 Forte
604 1965 662 2014 rniiri
678 1963 827 2013 amentiam:
844 1978 874 2013 arr
893 1963 951 2027 quid
971 1964 1044 2028 agra?
1077 1963 1142 2010 Tun.
1158 1963 1287 2012 Assentior.
1321 1965 1364 2014 80.
1380 1963 1435 2012 Jam

343 2049 536 2100 diacdmeniiiud
549 2048 674 2108 evaaimua,
684 2061 733 2108 quo
744 2044 832 2094 neacire
848 2043 931 2108 aliqui.
941 2059 995 2106 quae
1012 2044 1099 2104 aciunt,
1116 2045 1269 2107 cogebantur.
1301 2043 1363 2092 Nam
1379 2059 1434 2107 quar

341 2131 497 2197 poaaidemua,
505 2145 535 2178 00
546 2127 706 2191 poaaideamua
718 2139 766 2174 000
777 2117 878 2172 accidit:
897 2139 975 2187 nequa
990 2124 1011 2172 ai
1028 2123 1136 2172 tattamur
1155 2140 1232 2188 neque
1242 2125 1261 2172 ai
1272 2139 1324 2172 aere
1335 2123 1430 2187 judice·

341 2228 401 2262 rnna.
434 2211 601 2259 Venturtamen
619 2207 683 2254 atiud
700 2205 812 2267 quiddam
829 2203 921 2266 graniua
938 2203 1107 2253 mibiridetur.
1137 2203 1203 2252 Tur.
1221 2204 1334 2261 Quidnam
1346 2203 1427 2252 iatud?

342 2294 385 2342 80.
401 2292 427 2340 Si
442 2289 591 2339 acientiarum
609 2285 761 2334 commutatio
777 2282 836 2332 tatae
856 2283 897 2332 dat
911 2283 1002 2347 opinio.
1034 2284 1098 2332 Tua.
1116 2284 1164 2342 Qui
1174 2285 1251 2332 istuc?
1280 2283 1324 2332 80.
1339 2281 1430 2332 Nonne

339 2373 409 2421 aaide
419 2370 545 2418 abaordurn
556 2374 601 2424 eat,
613 2363 690 2428 utqui
701 2363 733 2412 rei
743 2363 867 2428 cujuadanr
879 2363 1000 2413 acientiam
1020 2365 1100 2422 babet,
1109 2381 1162 2413 0000
1181 2365 1255 2429 ipram
1273 2364 1365 2430 ignoret
1381 2381 1431 2414 oon

340 2450 473 2518 ignorantia
484 2449 591 2513 quidem,
600 2445 727 2509 aedipaiua
737 2443 843 2508 ejuadenr
855 2444 972 2496 minutia?
989 2446 1077 2494 dcinde
1090 2461 1137 2494 reru
1155 2447 1216 2494 hanc
1234 2445 1306 2494 aiianr
1315 2447 1433 2510 quandam

341 2542 367 2584 et
376 2539 458 2583 contra
469 2531 531 2580 iiiam
541 2529 602 2576 banc
612 2542 663 2576 0000
677 2524 813 2574 caiatirneti
830 2539 900 2590 quarn
913 2533 996 2589 proter
1007 2526 1119 2576 rationem
1131 2526 1176 2575 boe
1187 2534 1233 2584 000,
1243 2527 1309 2590 quod
1321 2533 1433 2590 preaeute

340 2613 440 2666 acieotia
449 2613 540 2662 animur
549 2615 677 2674 eopndacn
687 2606 858 2670 uibii‚iguoret
867 2606 962 2656 omnia?
996 2606 1121 2657 Enimvero
1139 2607 1271 2656 aecundum
1286 2609 1349 2658 hanc
1365 2607 1433 2656 ratio·

280 2693 292 2702 ⁵
341 2711 395 2746 uem
405 2694 464 2746 nibil
480 2689 666 2758 probibet,'qnin
683 2687 814 2754 ignorantia
834 2703 936 2752 preren·
953 2703 1021 2738 00000
1040 2688 1166 2753 quicquam
1184 2688 1282 2746 efficiat.
1292 2689 1431 2754 caecitaaqoa

340 2776 459 2838 videra‚'ai
469 2772 568 2824 seientia
577 2772 683 2835 ignorare
694 2784 827 2835 quenquam
845 2769 958 2818 0800000.
992 2769 1058 2818 Tur.
1074 2769 1144 2822 Haud
1163 2777 1225 2818 recte
1236 2770 1371 2828 ionitan‚o
1389 2770 1432 2818 So·

339 2865 424 2912 cretea.
436 2869 491 2903 area
509 2851 652 2914 iaduaimua,
669 2867 723 2900 curn
742 2851 804 2900 00Ιο0
822 2851 845 2898 in
868 2851 945 2900 animo
963 2851 1072 2900 reientiaa
1090 2865 1243 2916 poneremna:
1261 2853 1430 2918 oportebatque

339 2933 444 2984 inacitiaa
458 2947 554 2997 quoque
572 2945 620 2980 una
629 2945 683 2978 cuna
694 2930 798 2978 acientiia
807 2930 832 2978 Ιο
843 2930 922 2980 animo
931 2931 1083 2983 convolantea
1094 2931 1221 2982 inducere:
1237 2940 1264 2982 et
1274 2941 1432 2998 aucupantem

337 3014 635 3074 bominem'nonnunquam
645 3009 776 3065 00000000.
788 3011 846 3059 atiaa
856 3011 971 3060 inmitium
982 3011 1045 3062 circa
1058 3013 1121 3062 idenr
1140 3013 1315 3077 accipientem:
1333 3029 1431 3078 cumque

338 3097 365 3146 in
382 3093 505 3144 reientiarn
522 3092 627 3148 incurrit,
637 3105 691 3140 vera
707 3091 854 3154 opinantem,
869 3107 924 3140 eom
943 3093 1107 3156 ignorantiam,
1124 3093 1192 3144 tatu.
1224 3095 1268 3144 80.
1284 3093 1344 3143 Non
1362 3094 1430 3144 iacile

338 3189 431 3242 portem
443 3183 525 3224 00000
535 3172 780 3234 1000000,Το000000.
797 3173 861 3236 quod
882 3181 960 3224 tamen
974 3175 1156 3232 diriati‚iterum
1172 3175 1342 3228 animadverte.
1375 3175 1432 3224 8000

338 3259 402 3308 enirn
415 3265 441 3306 ut
452 3256 493 3305 aia.
510 3255 552 3318 qni
572 3255 595 3302 in
614 3253 768 3317 ignorantiam
786 3254 859 3317 [800]
877 3253 975 3310 incidet.
993 3255 1060 3312 talea,
1071 3263 1098 3304 ut
1114 3255 1158 3313 aia.
1174 3256 1314 3320 opinabitur.
1330 3257 1432 3306 mnne?

337 3339 404 3388 Tua.
422 3337 514 3387 certe.»
533 3335 576 3384 80.
593 3333 648 3382 Non
666 3341 744 3384 tamen
763 3334 822 3384 tana
840 3351 866 3383 00
884 3335 975 3400 opinari
992 3337 1093 3400 putabit.
1125 3337 1192 3385 Tua.
1208 3335 1261 3386 Non
1277 3343 1349 3386 certe.
1382 3337 1429 3388 80.

337 3419 386 3468 800
397 3431 449 3466 vera
462 3416 551 3480 potiua,
561 3423 587 3464 et
596 3423 707 3479 tanquam
721 3416 797 3464 aciena
816 3415 929 3464 afficiatur
939 3418 969 3464 00
981 3417 1029 3474 iiia,
1040 3418 1065 3466 in
1076 3418 1161 3482 quibua
1170 3418 1268 3467 iaiiitor.
1296 3417 1362 3466 Tua.
1377 3416 1429 3467 Cur

337 3500 402 3548 noni
435 3499 478 3548 80.
496 3497 529 3546 Et
544 3495 630 3546 iccirco
647 3496 769 3546 acieutianr
788 3503 883 3546 nactum
901 3513 926 3546 ae
937 3499 1055 3553 venando,
1072 3513 1121 3546 nou
1140 3497 1257 3548 inscitiam
1273 3498 1429 3548 arbitrabitur.

335 3578 402 3628 Tan.
418 3579 497 3628 Patet.
530 3577 574 3626 80.
588 3575 642 3625 Jam
652 3576 723 3640 longo
738 3577 842 3640 quodam
860 3577 958 3626 circuitu
977 3577 1003 3626 in
1014 3577 1111 3642 primam
1123 3593 1199 3626 mnne
1209 3577 1384 3628 dubitationem
1394 3593 1430 3628 re·

336 3659 397 3724 iapai
407 3673 495 3708 00000.
512 3655 603 3720 quippo
613 3656 776 3706 contentioaua
787 3657 922 3718 redargutor
939 3655 978 3706 iiia
995 3657 1116 3706 anbridena
1134 3657 1216 3706 dicet:
1236 3657 1332 3725 Utrum,
1349 3675 1365 3707 o
1376 3658 1430 3708 boai

336 3739 389 3802 riri,
399 3745 520 3801 utramque
531 3751 631 3786 ocaeano
640 3736 734 3800 aliquia,
744 3739 865 3790 acientiam
876 3744 902 3786 et
915 3737 1041 3800 inacitiam,
1050 3752 1120 3801 quam
1139 3738 1214 3796 norit,
1224 3738 1295 3787 aliam
1312 3741 1429 3804 quandam

337 3835 407 3886 quam
419 3817 569 3873 edomuerit,
578 3833 630 3867 0000
639 3819 738 3868 cenaeti
754 3827 797 3868 aut
808 3827 913 3869 neutram
926 3833 1034 3876 0000000,
1044 3821 1115 3882 qua‘ru
1132 3834 1181 3866 000
1191 3819 1267 3878 norit,
1278 3819 1348 3870 aliam
1360 3836 1428 3886 quam

336 3899 473 3950 necncriti
491 3905 612 3948 autunum
623 3913 769 3961 cognoacem
780 3899 885 3962 quidem,
901 3899 997 3948 aiteram
1017 3899 1121 3955 minime,
1136 3915 1207 3963 quam
1224 3899 1428 3958 onninamente

337 3995 407 4045 qnam
418 3979 560 4028 nonnorit:
576 3979 613 4026 rei
625 3987 787 4043 contraquam
799 3995 847 4028 non
863 3981 939 4036 norit,
948 3995 1000 4030 0000
1017 3995 1068 4030 0000
1085 3995 1155 4044 quarn
1173 3979 1258 4030 noviti
1291 3982 1338 4032 vet
1356 3997 1428 4031 ruram

337 4060 395 4108 mibi
413 4059 507 4116 0000000,
517 4059 666 4110 aciantiarom
685 4067 710 4109 00
728 4059 872 4110 inacitiarum
894 4061 1005 4110 aeientiaa
1022 4076 1082 4118 0000,
1094 4076 1153 4124 quaa
1164 4062 1204 4126 qui
1214 4063 1331 4126 puaridet,
1341 4064 1366 4112 in
1380 4063 1428 4112 aliia

336 4140 477 4207 quibuadarn
495 4139 600 4190 ridieoiia
616 4141 694 4190 careia
713 4141 762 4190 aire
779 4142 852 4192 cereia
868 4143 985 4206 tigmentia
1003 4143 1125 4199 cohibeor,
1146 4145 1225 4206 quoad
1243 4145 1360 4207 poaaidct,
1377 4145 1427 4199 ecit,

336 4221 429 4272 etiamai
441 4221 464 4268 in
476 4228 586 4284 promptu
598 4235 646 4270 non
657 4223 750 4272 habeat.
784 4221 866 4285 Atque
882 4223 915 4270 ita
930 4221 1047 4286 cogemini
1065 4222 1091 4270 in
1110 4222 1226 4270 infinitum
1245 4223 1379 4272 circaidem
1389 4237 1425 4271 re·

338 4301 409 4357 coiri,
419 4301 476 4350 nibii
486 4301 643 4364 proficienter.
676 4301 741 4360 Quid
750 4303 781 4350 ad
790 4304 849 4362 berc,
859 4319 874 4350 o
883 4303 1023 4352 Thentete?
1056 4303 1121 4352 Tua.
1138 4303 1184 4352 Per
1190 4304 1429 4362 iovemosocnrer.

337 4378 396 4442 quid
407 4381 596 4442 reapoudondum
607 4385 645 4438 ait,
657 4384 743 4432 nescio.
777 4383 818 4434 80.
836 4383 925 4432 Nonne
936 4384 994 4432 ratio
1006 4399 1058 4442 000,
1070 4401 1084 4432 0
1102 4384 1231 4440 Timete,
1247 4386 1371 4447 admonet,
1380 4399 1427 4432 non

337 4465 402 4506 recte
412 4458 492 4506 iaiaarn
501 4461 637 4522 opinionem
649 4463 713 4526 priua
724 4479 793 4528 quarn
805 4465 927 4514 scientiam
935 4464 1096 4528 investigem.
1108 4472 1132 4514 et
1143 4465 1297 4514 indiacuamnr
1309 4466 1428 4515 acientiam

337 4533 474 4597 retiqutue?
509 4538 655 4602 Inpouibiie
674 4552 751 4592 autem
770 4554 805 4592 eat
823 4545 868 4594 iata
880 4561 1030 4610 cognoscere,
1041 4553 1166 4609 00000000
1178 4544 1425 4596 aufficientrraciantia
