3196 5314
344 542 383 600 ⁸4
786 523 987 588 utrrouts
1371 531 1445 610 [tre

344 687 572 742 tusiertiuduiem?
605 683 718 741 Miriiee‚
735 681 842 746 inquom·
873 679 960 746 Atqui,
977 677 1066 744 iuquit,
1084 679 1106 727 si
1122 679 1211 730 undere
1226 679 1344 739 revellet,
1356 681 1444 732 emtum

347 773 419 823 nihili
431 771 529 826 ineeres,
548 783 597 833 pre
612 767 653 815 ttts
667 780 722 830 quse
738 763 797 812 tstet
813 763 877 810 intus
887 759 962 810 iorme
971 758 1082 809 muebttt.
1114 759 1206 810 Eodem
1216 761 1269 812 isse
1279 761 1448 828 Chmrephunti

346 853 419 904 ceteri
429 852 502 900 etism
512 854 690 898 consenserunt.
722 843 908 908 Insupersbilem
920 841 1121 904 hereie‚inqusm‚
1131 841 1205 890 virum
1217 843 1326 900 nunus.
1338 844 1359 891 si
1366 859 1446 908 perum

348 934 406 1000 quid
419 933 515 995 insuper
525 930 582 979 huie
592 928 695 977 sdeemt.
729 924 795 983 Quid
807 923 869 972 istud
879 924 888 971 3
905 921 1056 985 interrogovit
1066 921 1163 970 Critiss.
1195 921 1221 972 Si
1231 922 1332 989 optimo,
1342 924 1445 990 inquere,

350 1013 423 1064 snimi
444 1011 527 1061 hebitu
547 1017 631 1058 nuturs
649 1007 752 1056 decorus
768 1010 1050 1054 essetueonsenteueum
1067 995 1145 1052 temen
1163 1009 1200 1052 est
1217 1003 1287 1052 hiem
1306 1005 1370 1054 hune
1390 1021 1448 1062 esse,

349 1094 434 1150 critis,
453 1108 507 1142 cum
519 1098 594 1140 vestre
604 1105 633 1138 er
649 1088 722 1152 stirpe
738 1086 769 1135 eit
779 1085 880 1150 genitus.
912 1083 989 1132 Immo
1000 1089 1073 1140 uerte,
1084 1084 1163 1146 quood
1176 1084 1297 1148 ingenium
1307 1093 1408 1149 spectet,
1424 1097 1448 1136 et

349 1173 519 1240 pulcherrimus
529 1178 566 1220 est
576 1178 601 1219 et
612 1169 724 1233 optimus.
757 1166 823 1224 Quid
835 1165 906 1230 igitur
923 1181 972 1213 non
988 1165 1115 1222 nudemus,
1133 1164 1240 1229 inqusm‚
1258 1165 1363 1215 enimum
1375 1167 1448 1230 prius,

352 1254 532 1317 interioremque
543 1252 651 1300 deuorem
670 1248 751 1314 potius
766 1236 837 1312 quem
847 1245 985 1295 exteriorem
997 1245 1100 1309 speeiem
1111 1245 1314 1309 contemplemur?
1331 1261 1385 1296 nsm
1394 1263 1448 1297 eum

239 1328 243 1334 ¹
351 1334 405 1383 tslis
415 1333 455 1397 eit,
471 1329 595 1382 nobiseum
605 1329 717 1378 disserere
733 1343 783 1377 non
799 1325 905 1393 negabit.
939 1325 1014 1375 Volet
1031 1337 1105 1390 eerte,
1120 1326 1347 1390 respouditcritiss.
1363 1343 1448 1392 nempe

352 1414 476 1480 repientim
493 1411 567 1477 [tte]
584 1411 703 1460 studiosus
710 1417 756 1474 est,
766 1417 791 1458 et
798 1417 825 1458 ut
831 1409 875 1459 sibi
884 1407 1016 1472 ueterisque
1026 1408 1130 1472 videtur,
1139 1406 1209 1456 vside
1221 1407 1339 1472 peteme.
1360 1409 1449 1474 begs,

349 1495 455 1558 inquom,
469 1493 528 1542 serie
540 1490 719 1556 generositatem
731 1490 793 1538 hume
804 1487 898 1538 Solonis
910 1503 939 1536 ex
950 1503 1037 1552 genere
1047 1486 1148 1537 entius.
1181 1486 1271 1540 Verum
1282 1503 1324 1538 cur
1333 1503 1381 1537 non
1392 1489 1448 1538 mihi

347 1576 398 1641 jsm
409 1581 524 1641 monstres
534 1573 718 1628 odoieseentem‚
729 1585 851 1620 souersene
861 1569 909 1618 bue
920 1568 1005 1616 illumi
1021 1583 1100 1632 neqtm
1111 1567 1175 1616 enim
1184 1568 1295 1626 dedecet.
1306 1568 1345 1618 sel
1355 1569 1446 1618 eu'smsi

351 1657 427 1706 misser
436 1663 494 1704 ustu
505 1663 578 1719 esset,
586 1669 641 1704 eum
653 1667 683 1704 eo
694 1651 817 1710 dierorum.
829 1654 946 1715 promte
957 1655 981 1698 te
990 1647 1099 1711 pronde
1108 1647 1161 1712 ejus
1171 1655 1243 1712 etque
1254 1655 1339 1700 tutore.
1374 1649 1451 1700 Probe

350 1736 464 1801 loqueris.
481 1734 524 1786 stt.
540 1735 663 1788 reesndm
673 1740 709 1782 est
716 1731 777 1796 jem.
810 1727 891 1796 Atque
902 1728 938 1778 his
955 1728 1035 1786 dietis,
1051 1728 1084 1777 sd
1100 1743 1154 1778 eum
1170 1727 1214 1794 qui
1230 1744 1294 1794 pone
1311 1730 1451 1794 sequebatur

349 1831 485 1875 eonversus,
495 1816 573 1873 Voos,
590 1813 678 1881 inquit,
696 1811 857 1874 Cissrmidem,
875 1809 958 1860 diuers
975 1809 1020 1868 itti,
1037 1825 1076 1858 me
1093 1808 1154 1860 velie
1172 1808 1266 1860 medion
1284 1825 1338 1860 eum
1356 1810 1450 1864 cuidem

350 1897 497 1948 eemmittere
513 1897 581 1948 mein
597 1895 662 1950 iilius
681 1892 824 1944 rsletudinis
841 1907 922 1954 muse,
939 1890 970 1939 de
988 1905 1037 1955 qus
1051 1905 1143 1940 meeum
1153 1897 1295 1955 conquestus
1310 1898 1356 1940 est·
1386 1893 1453 1942 Mihi

352 1995 409 2043 ergo
427 1978 488 2028 disit
504 1977 599 2034 eritius,
614 1975 689 2041 poulo
699 1981 755 2024 snte
772 1969 911 2026 charmide·
929 1973 961 2022 sb
978 1971 1033 2037 ipso
1045 1972 1101 2022 solis
1116 1979 1198 2022 exortu
1212 1981 1306 2036 grsrsto
1325 1988 1352 2022 ee
1369 1972 1452 2038 espite

351 2059 476 2110 surrexisse
487 2059 683 2122 nonquerebstur.
716 2055 782 2114 Quid
795 2053 904 2119 prohibet
912 2051 995 2118 igitur,
1005 2052 1115 2102 simulsre
1126 2051 1253 2102 remedium
1262 2053 1359 2118 diqnod
1368 2061 1454 2104 eontrs

351 2140 437 2204 ospitis
448 2137 747 2204 grsmdineuttehsbemi
780 2135 849 2186 Nihil
859 2135 978 2200 prohibet,
987 2133 1102 2199 iuqusmt
1117 2135 1188 2184 modo
1198 2134 1286 2185 veniet.
1319 2133 1453 2184 Atseniet.

352 2221 425 2278 Quod
442 2226 467 2269 et
483 2219 572 2270 isetum
591 2227 636 2269 est.
651 2217 718 2268 seuit
734 2216 808 2278 enim,
825 2216 944 2280 risumque
958 2213 1091 2270 effusiurem
1107 2215 1216 2266 omnibus
1235 2213 1378 2266 eonuitsrit:
1396 2231 1452 2264 nsm

352 2301 514 2364 uuusquisque
532 2305 636 2350 nostrum
653 2312 702 2348 uus
715 2296 859 2354 sedentium,
877 2297 955 2346 loeum
974 2295 1059 2346 cedere
1081 2296 1163 2346 voleus
1179 2296 1311 2354 cosmidi,
1329 2303 1357 2344 ut
1376 2311 1450 2360 prope

351 2396 406 2432 enm
418 2379 519 2438 eederet,
530 2378 661 2442 prosimurn
678 2377 761 2426 deuiis
778 2391 851 2440 opere
867 2378 894 2426 iu
912 2376 974 2424 istus
984 2375 1097 2440 impulit:
1114 2392 1163 2441 quo
1173 2376 1262 2428 isetum
1272 2384 1318 2436 est.
1330 2383 1357 2426 ut
1371 2391 1451 2426 eorum

352 2461 394 2524 qui
405 2459 514 2523 utrinque
525 2460 640 2511 mouent
656 2457 787 2514 novissimi,
804 2470 877 2506 unum
894 2470 988 2521 surgere
998 2472 1148 2521 cogeremus,
1165 2458 1265 2508 sltemm
1275 2457 1341 2506 humi
1352 2464 1453 2522 prostre-

354 2548 404 2596 tnm
415 2539 580 2604 dejiceremus.
596 2538 638 2590 iile
651 2553 706 2590 sero
716 2538 842 2596 eeeedens.
860 2552 898 2586 me
908 2536 970 2587 inter
985 2536 1131 2602 Critiemqne
1140 2538 1237 2590 essedit.
1269 2537 1323 2602 Ego
1334 2553 1390 2588 sero
1401 2553 1455 2602 per·

352 2627 467 2672 uontsste
477 2619 529 2683 tlte,
540 2629 618 2670 utrum
627 2619 713 2684 ospitis
725 2619 841 2673 medelum
851 2619 945 2680 seirem,
953 2618 992 2666 sis
1004 2618 1099 2669 undem
1109 2635 1146 2670 me
1157 2618 1217 2670 seire
1227 2618 1345 2684 rmposdi.
1377 2619 1452 2678 Qum-

353 2716 408 2752 nsm
418 2701 481 2752 ists?
498 2702 615 2766 quesivit.
649 2701 742 2750 Folium
757 2701 887 2764 quodum,
904 2701 1009 2765 inqusm.
1042 2699 1078 2750 At
1095 2701 1191 2764 insuper
1200 2701 1314 2750 eddends
1323 2707 1360 2750 est
1369 2699 1453 2750 iuesn·

353 2781 412 2832 mtio
423 2783 541 2848 quedem.
560 2797 630 2848 quem
649 2782 733 2846 dunis
743 2780 864 2840 subibunt,
883 2779 988 2845 folioque
1000 2788 1087 2842 untur,
1105 2781 1192 2832 sunites
1210 2781 1455 2847 restitutionemque

353 2878 409 2912 veru
424 2863 587 2914 inmissione
603 2863 686 2914 iulium
703 2863 763 2914 uiuit
780 2863 881 2912 eoniert.
914 2862 955 2912 Ad
967 2861 1085 2917 ueniter
1101 2863 1237 2914 Esseribstn
1252 2864 1326 2930 [tre]
1342 2862 1454 2928 equidem

354 2943 415 2994 benc
427 2949 451 2992 te
461 2943 567 2994 eieuute
578 2943 772 3002 inesntstionem.
805 2943 890 2994 Utrum
901 2945 921 2994 si
932 2943 990 2994 mihi
1006 2943 1156 3008 personetis.
1174 2944 1289 3010 mqusm?
1306 2959 1338 2994 sn
1347 2944 1455 2994 etismsi

353 3037 403 3076 non
422 3024 579 3087 penusseris?
612 3022 658 3074 ttte
676 3025 797 3076 subridens
807 3023 851 3082 sit.
869 3025 897 3076 Si
915 3025 959 3076 tibi
970 3039 1115 3090 pessusssro.
1132 3025 1249 3076 eoem
1280 3024 1454 3084 Hemnomen

353 3103 431 3166 ipsum
441 3104 513 3168 plene
521 3112 548 3157 tu
562 3120 640 3156 meum
656 3106 740 3158 tenes?
771 3105 862 3165 Teneo.
881 3105 1003 3171 equidem,
1021 3105 1068 3158 uisi
1078 3105 1179 3172 injurius
1190 3121 1252 3160 sum.
1269 3107 1378 3172 ireqneru
1388 3105 1455 3158 enisu

354 3183 386 3234 de
403 3191 427 3234 te
444 3185 505 3236 inter
522 3185 626 3250 nqusies
642 3201 707 3238 meos
717 3202 793 3238 sermo
809 3187 917 3240 hebetur.
934 3187 1030 3238 memini
1046 3187 1105 3253 quin
1124 3188 1207 3248 etism,
1224 3202 1279 3238 eum
1295 3202 1354 3252 ouer
1373 3186 1456 3238 :etue

353 3279 437 3323 esseut¹
455 3273 543 3316 tecum
562 3265 638 3320 cusis
653 3269 698 3318 hor
709 3269 794 3316 reterri
812 3268 917 3320 solitum
950 3267 1029 3318 Reote
1045 3268 1188 3332 mquidem.
1204 3267 1405 3320 sudentiurenins
1416 3266 1456 3318 in·

353 3345 497 3397 munionis
508 3347 552 3396 tibi
563 3349 658 3400 modum
670 3349 801 3400 osteudens.
818 3349 891 3414 psulu
902 3364 957 3401 reru
964 3357 1021 3400 sote
1032 3351 1175 3413 ueratrum,
1191 3365 1240 3414 quo
1249 3356 1318 3414 preto
1328 3349 1376 3398 sim
1388 3349 1458 3398 iliius

256 3477 260 3486 ,
355 3425 570 3480 tibimonstrnresu·
602 3428 646 3481 list
656 3437 737 3482 eutem
747 3427 811 3492 telis,
830 3430 1003 3490 ochsrmides,
1021 3439 1049 3479 ut
1067 3439 1142 3494 ueput
1156 3430 1457 3494 suiumeursresequest:

354 3507 553 3567 quemsdmudum
571 3525 635 3574 sepe
655 3526 684 3562 es
696 3511 777 3574 peritis
788 3511 885 3562 medicis
896 3511 1018 3570 audivisti.
1034 3512 1087 3576 qui,
1103 3511 1195 3575 quoties
1205 3510 1292 3576 uliquis
1302 3510 1385 3560 dolore
1395 3525 1458 3560 oen·

354 3584 429 3635 lorum
439 3587 539 3637 effeetus
548 3604 590 3638 eos
600 3591 711 3648 eontulit.
730 3591 799 3642 siunt
809 3607 857 3642 unu
867 3608 936 3656 pesse
945 3591 1021 3644 oeulis
1032 3592 1130 3657 tuederi,
1147 3593 1193 3642 nisi
1212 3592 1277 3657 prius
1286 3591 1362 3656 ospiti
1372 3591 1458 3642 meoe-

357 3671 522 3730 ⁸¹¹²⁰¹2⁸⁰tt¹¹e
533 3670 704 3734 “puteusque
716 3671 788 3724 totius
804 3673 909 3737 eorporis
926 3672 1044 3726 medioius
1059 3689 1130 3737 posse
1146 3672 1230 3724 ettrsri.
1262 3672 1317 3722 Hse
1331 3672 1363 3723 de
1382 3687 1459 3722 essse

355 3745 441 3808 regulis
452 3745 592 3810 quibusdem
604 3751 647 3800 tuti
658 3751 833 3805 conferentibus
847 3761 953 3814 utuntur.
963 3761 990 3804 et
999 3769 1014 3806 s
1023 3761 1076 3802 tote
1085 3755 1116 3804 sd
1128 3762 1219 3818 putem
1228 3761 1351 3806 trsnseunt
1360 3753 1460 3804 restitu-

355 3827 451 3876 eudem.
484 3826 525 3878 Au
536 3843 585 3878 nun
595 3829 690 3890 sudistt.
708 3834 742 3884 its
758 3834 837 3888 dicere
847 3835 910 3894 iilos,
920 3841 946 3887 et
955 3832 990 3884 its
999 3835 1067 3884 esse?
1101 3834 1206 3884 Prorsus.
1242 3831 1320 3884 Recte
1330 3832 1397 3898 loqui
1410 3831 1460 3884 uui

354 3906 472 3965 videntur,
483 3924 660 3974 sermonemque
671 3913 734 3982 inne
752 3914 890 3979 spprubes?
923 3914 1031 3967 Merime
1045 3916 1160 3966 omnium.
1195 3914 1323 3964 Enimvero
1333 3929 1387 3964 enm
1400 3928 1457 3978 uso-

352 3985 403 4034 beri
413 3987 458 4038 sibi
467 3989 519 4040 heo
529 3991 642 4048 tuditem,
651 3991 716 4044 Telis
725 4003 771 4052 est,
781 3995 889 4060 inqusm,
908 3995 1080 4056 ocimoides,
1100 3995 1372 4060 umeuuontequeqee
1383 3993 1458 4056 trojus

353 4067 475 4128 uouuus:
493 4084 564 4135 quem
583 4071 658 4124 didici
666 4073 755 4124 ibidem
767 4075 791 4124 in
803 4075 906 4128 exercitu
917 4091 932 4126 s
943 4077 1046 4142 quodem
1058 4076 1202 4127 medicorum
1212 4075 1329 4126 Theseum
1339 4073 1457 4124 Zsmnisi·

351 4145 549 4214 dissuentem,
565 4151 607 4215 qui
625 4160 650 4201 et
668 4153 866 4208 immortsiitstem
882 4156 966 4208 efferre
981 4157 1102 4210 dicuutur.
1118 4157 1209 4222 sdjeeit
1218 4167 1332 4223 proteres
1340 4155 1458 4206 tenetes

350 4225 391 4276 ille
403 4229 518 4290 medicus.
528 4231 601 4283 etism
613 4232 750 4286 Grmeorum
761 4235 876 4301 medicos,
884 4253 938 4302 que
948 4253 1020 4303 ssprs
1030 4246 1124 4290 usrrste
1134 4246 1200 4303 sunt,
1210 4237 1349 4304 pudicus.
1381 4236 1457 4288 Cete-

352 4319 402 4356 rum
419 4307 543 4371 tenonis,
559 4313 603 4371 sit,
622 4329 661 4364 rer
679 4323 761 4366 noster
778 4332 807 4368 se
820 4318 879 4370 deus
894 4320 972 4380 trsdit,
992 4320 1199 4378 Quemsdmoduru
1218 4320 1361 4370 unuiussine
1372 4318 1456 4386 eruite

352 4399 432 4436 eursre
442 4403 491 4440 non
501 4391 581 4452 decet.
599 4409 677 4461 neque
696 4398 747 4447 sine
758 4399 850 4466 reliquo
860 4416 958 4466 oorpore
967 4411 1057 4466 aput:
1074 4402 1110 4452 its
1120 4417 1199 4466 neque
1209 4401 1260 4452 sine
1268 4400 1347 4452 suiuus
1357 4415 1456 4465 eorpus·

350 4480 561 4554 Ιειῳιοοιιιιιιοιι,
577 4490 620 4526 cur
636 4478 742 4530 medicos
752 4479 850 4532 Grecos
868 4482 941 4532 morbi
959 4498 1083 4546 corporum
1101 4482 1170 4534 multi
1189 4484 1288 4539 istem,
1306 4481 1365 4547 quis
1375 4489 1455 4532 totum

348 4561 426 4614 speum
437 4548 553 4614 ignorent.
573 4557 638 4622 quod
653 4558 677 4610 iu
694 4559 775 4625 primis
790 4577 870 4614 curere
881 4571 975 4628 oportet
988 4583 995 4614 r
1013 4581 1061 4631 quo
1072 4564 1134 4618 msie
1145 4564 1232 4618 effecto
1243 4563 1389 4630 impossibile
1405 4569 1453 4618 αἱ.
