3146 5316
128 539 202 619 2321
540 531 817 596 urrrlnouus.
1167 543 1225 603 1⁷3

129 699 190 764 quid
208 705 307 766 utraque
322 697 373 764 ipes
391 695 617 762 lucuumappeilss,
640 695 753 762 quidnam
768 693 832 744 idem
850 694 876 744 iu
893 693 997 762 utrisque
1022 697 1129 763 espicio)
1154 701 1228 752 veluti

130 781 214 846 siipee
222 783 292 833 modo
303 795 340 830 me
350 778 487 843 rogerieaes,
503 793 576 843 quare
587 777 675 834 cibum.
691 793 732 827 seu
752 777 840 826 bonum
859 777 908 826 siue
919 776 1015 836 malurn,
1026 779 1133 829 rimiliter
1148 783 1227 832 cibum

131 862 264 926 sppellem:
282 859 454 926 respondissem
471 857 566 924 utique,
582 859 695 924 qnoniam
714 866 812 924 uterque
830 858 895 908 sicce
912 867 949 907 est
967 859 1070 924 corporie
1090 877 1155 919 cuce,
1170 863 1228 912 ideo
1253 893 1257 903 ·

130 951 254 1008 utrumque
272 943 352 992 eibum
371 942 483 990 nominc:
502 941 567 1006 quod
585 940 682 1005 quidem
696 950 721 988 et
739 948 765 988 tu
780 939 849 988 nobie
865 941 1017 990 concederes.
1034 942 1131 990 ucuuei
1164 943 1229 994 1100.

129 1023 220 1073 Fateor.
253 1023 295 1074 80.
313 1023 346 1072 Et
356 1024 420 1074 circe
429 1029 512 1087 potum
522 1023 606 1071 eedem
616 1037 694 1070 rursus
704 1021 863 1086 respondendi
881 1021 941 1069 rstio
958 1032 1030 1081 esset,
1046 1024 1111 1087 quod
1129 1024 1227 1074 humido

128 1105 232 1168 corpurie
242 1105 365 1168 alimento,
375 1119 417 1154 eeu
429 1105 517 1153 bonum
534 1103 585 1154 sire
599 1101 687 1152 melum
706 1103 745 1164 eit,
762 1101 836 1167 [uti]
853 1103 877 1151 id
895 1118 982 1154 nomeu
1001 1112 1073 1168 potue
1091 1103 1229 1170 imponitur,

128 1181 353 1236 etinuliis'eodcrn
371 1185 452 1236 ruodo.
485 1183 583 1234 Enitere
598 1185 679 1249 itaque
696 1197 733 1232 me
743 1183 778 1232 sic
787 1185 969 1248 respondentem
980 1185 1073 1236 imitari.
1107 1186 1228 1244 Quidnam

128 1265 229 1316 1000010
248 1266 313 1316 lucro
331 1266 396 1314 bono
415 1272 440 1314 et
457 1265 519 1314 malo
530 1265 614 1321 cernis,
631 1272 729 1330 propter
745 1263 814 1328 cujus
831 1267 979 1329 presentiam
996 1275 1120 1332 utromque
1138 1267 1229 1316 lucrum

130 1348 254 1396 nominee?
288 1346 448 1405 Quodsitibi
457 1346 530 1411 desit,
539 1347 603 1412 quod
615 1347 672 1395 mibi
683 1346 836 1411 respondem,
856 1361 893 1395 mo
912 1345 1008 1396 dicente
1025 1347 1131 1398 etteudo.
1163 1348 1228 1398 Num

129 1429 220 1478 lucrum
238 1429 345 1493 eppellae
364 1443 458 1477 omnem
477 1427 658 1491 pomereiouesu,
674 1441 745 1492 quam
764 1426 818 1490 quis
836 1425 999 1492 adquisiverit,
1015 1427 1053 1476 sci
1070 1427 1129 1476 nibil
1143 1443 1232 1494 erpen-

130 1511 200 1569 deue,
217 1509 255 1558 vel
271 1509 408 1574 expendens
423 1523 516 1572 parum,
532 1523 586 1558 cum
605 1508 659 1573 pins
676 1507 796 1572 accipiet?
829 1507 1050 1558 1100.Ιὰ1000000
1069 1510 1153 1558 rocire
1175 1511 1232 1559 mibi

130 1590 222 1642 videor.
255 1591 298 1640 80.
316 1590 357 1638 An
375 1589 512 1654 hujusmodi
525 1590 594 1647 dicio,
611 1606 656 1641 ceu
675 1590 696 1638 si
715 1589 769 1656 quis
788 1588 846 1638 nibil
866 1590 1110 1654 expendemebuude
1122 1590 1232 1654 epuletur

130 1672 172 1730 tit,
189 1679 215 1720 et
233 1687 262 1722 ex
276 1671 354 1736 epulis
373 1672 481 1720 morbum
498 1671 671 1736 adquisiverit?
704 1671 768 1726 lire.
783 1669 841 1719 Nou
858 1686 900 1734 per
915 1669 1010 1720 Jorem.
1041 1671 1085 1722 So.
1102 1671 1235 1723 Alboneor

130 1751 296 1802 seletudiuem
314 1767 343 1800 eu
363 1752 442 1818 epulis
459 1753 571 1818 adeptus,
592 1753 712 1802 lucrnmue
740 1767 772 1800 00
800 1752 911 1801 domuum
933 1735 1131 1802 nenoiseereturi¹
1168 1751 1233 1806 lise.

132 1835 248 1886 Lucrum.
281 1833 324 1882 80.
347 1831 405 1882 Nun
422 1839 459 1882 est
473 1833 546 1898 igitur
562 1833 662 1890 lucrum,
685 1829 810 1898 quodlibet
830 1831 962 1896 adquirere.
1000 1833 1062 1884 Hie.
1086 1827 1144 1883 Non
1160 1842 1234 1884 certe.

131 1915 177 1966 80.
193 1914 312 1980 Nuuqnid
331 1913 366 1964 itn
381 1929 408 1962 se
426 1914 506 1972 babet,
525 1921 617 1964 utnon
636 1913 739 1964 lucretur
756 1913 799 1976 qui
813 1913 915 1978 qoodrie
925 1915 1064 1978 assequitur,
1074 1913 1125 1964 sire
1135 1915 1235 1974 10000οι,

132 2011 175 2046 eeu
193 1995 300 2065 melum?
332 1993 396 2046 lire.
413 1994 532 2058 Apperet.
564 1995 608 2044 80.
624 1993 712 2058 Neque
729 1994 754 2042 lu
772 1995 885 2045 domuum
901 1994 1015 2056 incurret,
1034 1993 1076 2058 qui
1093 1993 1118 2044 iu
1134 1996 1235 2058 qnodrls

132 2075 239 2136 incurrit,
266 2077 317 2126 sire
342 2075 431 2124 bouum
454 2089 495 2126 seu
517 2075 622 2148 melum?
656 2073 717 2124 lire.
744 2074 809 2124 Mihi
828 2073 926 2140 quidem
948 2074 1049 2124 ridetur.
1081 2073 1124 2124 80.
1152 2074 1236 2124 Cernis

131 2174 197 2226 erqo.
214 2157 279 2226 quod
298 2156 360 2206 circs
379 2155 442 2204 idern
460 2151 604 2204 revolveris?
629 2154 720 2206 lucrum
740 2155 804 2204 enim
828 2156 927 2218 bonum,
941 2157 1054 2204 domuum
1075 2169 1131 2211 vero
1148 2154 1236 2204 melum

133 2245 241 2310 qppnret.
281 2237 344 2287 ilie.
370 2235 459 2300 Ignoto
474 2233 532 2300 quid
550 2235 637 2286 dicem.
679 2236 723 2285 So.
748 2235 781 2284 Et
795 2235 850 2300 jure
870 2236 977 2301 quidem.
1000 2236 1043 2286 sed
1061 2243 1174 2304 preterea
1191 2237 1237 2288 boc

133 2321 192 2370 mibi
215 2319 342 2384 responde.
375 2318 401 2368 Si
418 2317 471 2384 quis
490 2317 568 2366 miuus
582 2317 721 2382 expendens
736 2317 790 2382 plus
805 2317 933 2382 receperit,
950 2317 1114 2380 lucrer-ibone
1129 2317 1237 2367 diceres?

134 2401 200 2452 Hie.
215 2399 273 2449 Non
292 2398 378 2448 melum
400 2398 472 2460 dicu;
489 2414 569 2448 serum
590 2399 610 2448 01
631 2397 682 2448 euri
703 2398 742 2448 vel
762 2398 854 2464 urgenti
874 2400 953 2450 miuus
973 2413 1081 2464 augens,
1097 2397 1154 2464 plus
1172 2397 1236 2448 acri-

131 2483 191 2548 pist.
225 2481 269 2530 80.
291 2479 417 2530 Enimvero
433 2481 479 2530 boc
498 2481 594 2544 iusuper
620 2479 786 2544 intenoqebo:
819 2481 846 2530 Si
867 2481 921 2547 quis
934 2480 1059 2530 dimidiam
1080 2479 1131 2529 auri
1152 2479 1235 2528 libram

134 2577 247 2628 erogem,
263 2561 365 2626 duplum
383 2567 512 2625 reportaret
527 2561 626 2624 urgenti,
650 2560 773 2613 luerumue
790 2577 821 2611 00
840 2563 951 2612 damnum
971 2561 1050 2612 esset?
1082 2560 1146 2610 Her.
1162 2559 1237 2610 Dam-

136 2659 196 2696 num
214 2642 331 2708 proiecto,
356 2658 372 2692 0
394 2642 511 2692 Socraten
532 2657 587 2690 uaru
608 2657 652 2706 pro
673 2642 826 2707 duodecuplo
848 2642 947 2707 duplum
968 2642 1116 2692 solummodo
1144 2639 1238 2704 recipit.

135 2725 179 2792 80.
198 2724 361 2773 Veruntamen
383 2723 437 2788 plus
456 2722 559 2787 occepit.
582 2737 614 2772 00
632 2737 682 2772 000
703 2723 756 2788 plus
776 2731 814 2772 est
832 2723 932 2788 duplum
951 2721 1068 2772 dimidio?
1101 2720 1239 2773 Himilco

136 2804 246 2872 ejusdem
264 2803 387 2869 digniustis
403 2819 431 2854 00
451 2803 522 2868 pretii
537 2811 575 2854 est
592 2811 725 2870 argentum,
740 2803 810 2869 cujus
825 2811 862 2852 est
877 2791 969 2854 surum.
1002 2804 1046 2855 80.
1063 2801 1126 2868 Ergo
1146 2808 1240 2868 oportet

136 2890 181 2952 boc
203 2885 272 2936 luero
292 2883 405 2949 adjicere,
422 2883 602 2934 estimationem
623 2885 715 2936 scilieet
734 2899 763 2934 ae
783 2884 894 2949 pretium.
927 2901 993 2935 nuuc
1015 2884 1099 2949 otique
1116 2891 1239 2950 urecolum

137 2968 191 3034 plus
213 2965 327 3023 existens,
343 2981 415 3032 quem
434 2981 525 3024 eornm,
542 2967 605 3016 baud
625 2981 693 3030 eque
712 2965 877 3016 008000οᾶ0ιο
894 2982 923 3018 00
939 2967 1040 3033 pretium
1057 2967 1134 3018 dicis:
1151 2977 1177 3016 et
1196 2982 1239 3017 au·

137 3065 186 3100 rum
196 3049 277 3098 mium
288 3047 399 3108 existens.
416 3048 544 3112 pretioemn
560 3063 656 3113 quoqne
673 3063 702 3098 so
720 3048 827 3112 dignum.
858 3048 922 3102 lire.
947 3049 980 3100 Et
997 3047 1157 3100 monnesio
1173 3047 1237 3098 euius

137 3146 162 3182 ee
179 3147 217 3180 ree
234 3131 313 3180 babet.
345 3127 461 3193 s0.1pu
476 3144 534 3194 ergo
550 3129 674 3180 estimatio
690 3129 841 3196 dignitasque
857 3131 947 3185 locrurn
965 3131 1083 3188 eontinet.
1097 3130 1148 3180 sive
1166 3143 1239 3194 pem

138 3227 173 3264 res
193 3213 247 3262 sire
264 3225 350 3276 magun
369 3211 420 3262 sit:
444 3209 568 3275 indignum
591 3226 647 3262 vero
668 3210 824 3262 estimatione
842 3211 894 3260 sinc
910 3211 977 3262 lucro
994 3219 1040 3260 est.
1082 3209 1146 3258 lire.
1180 3207 1239 3258 Pro·

136 3293 208 3346 10010.
241 3293 285 3344 80.
309 3291 391 3356 ipsum
411 3291 539 3356 pretiosum
557 3307 586 3342 ac
605 3292 714 3357 dignum.
731 3307 834 3342 0000000
850 3292 919 3342 aliter
940 3291 1050 3354 dignum,
1073 3303 1145 3354 quern
1164 3289 1239 3352 edep-

138 3375 201 3426 tione
212 3374 330 3439 dignum?
362 3372 425 3422 lire.
439 3372 588 3438 Adeptlone.
620 3371 663 3422 80.
679 3371 785 3436 Dignum
806 3379 886 3422 sutem
907 3371 1045 3435 emptione,
1059 3369 1118 3423 utile
1135 3383 1168 3418 en
1184 3368 1238 3418 100.

98 3469 102 3478 ·
138 3454 197 3506 tilel
231 3453 292 3506 Hir·
323 3453 398 3504 Utile.
426 3454 500 3520 [2⁸2]
529 3452 595 3502 Utile
609 3466 698 3510 ,nonne
716 3452 823 3502 bouum?
856 3450 920 3502 Hir.
942 3449 994 3504 use
1027 3451 1068 3502 80.
1092 3449 1115 3502 0
1136 3449 1172 3500 vir
1188 3463 1239 3501 um·

139 3539 205 3602 pium
217 3537 349 3594 lortireime,
365 3551 446 3585 noune
460 3533 513 3600 jam
531 3533 601 3584 tertio
620 3542 646 3584 et
662 3541 745 3599 querto
764 3532 929 3587 couclesnme
945 3532 1014 3586 nobis
1024 3539 1068 3591 est.
1085 3530 1176 3584 loetum
1197 3532 1240 3580 bo·

138 3634 197 3688 pun
208 3617 277 3670 esee?
310 3618 373 3670 Hie.
391 3616 501 3667 Videtur.
533 3616 577 3664 80.
593 3615 712 3666 Memoris
723 3621 801 3680 00000,
816 3614 882 3666 uude
893 3629 969 3668 sermo
986 3614 1026 3667 tic
1042 3613 1145 3667 incidit?
1178 3611 1241 3664 lite.

140 3700 258 3753 Arln'tror.
290 3697 586 3763 80.Δο010010001000
602 3696 809 3762 0000100010,ομ
829 3697 854 3746 iu
873 3694 1008 3750 memorium
1025 3697 1146 3752 reducam.
1161 3710 1191 3746 ex
1210 3709 1240 3746 eo

139 3781 213 3844 0010,
230 3781 294 3847 quod
304 3779 433 3840 dubitares,
443 3794 475 3830 ue
487 3779 543 3834 boui
553 3778 597 3830 riri
608 3779 674 3832 luera
689 3778 803 3846 quelibet
819 3790 942 3843 receptore
959 3780 1045 3836 nolint,
1062 3779 1103 3829 sed
1120 3793 1151 3827 ea
1170 3775 1242 3826 100010

139 3865 202 3915 bone
223 3863 347 3921 duntaxat,
377 3859 440 3914 male
460 3877 516 3912 sero
537 3877 695 3928 nequaquem.
735 3861 798 3912 Hrr.
826 3860 978 3914 1110000οο.
1010 3859 1054 3918 80.
1070 3858 1159 3910 Nonne
1177 3856 1242 3910 luet·

140 3946 224 3996 omnia
244 3957 296 3994 esse
317 3944 389 4002 bona,
405 3959 447 3992 seu
468 3959 554 4008 ronqns
576 3945 626 3994 slve
647 3959 720 4008 parre
737 3943 794 4002 sinu
817 3943 878 3998 relic
897 3941 1029 3994 00010001
1049 3937 1145 4002 cuculi?
1179 3934 1242 3986 11¹¹·

138 4023 310 4089 Coegitcerte.
326 4023 468 4084 08000000.
484 4025 616 4090 menapis,
631 4041 702 4091 quem
721 4025 845 4092 persuasit.
878 4025 926 4074 Sed
943 4024 1040 4074 torsitau
1055 4021 1170 4084 deinceps
1189 4035 1242 4083 per·

139 4103 260 4156 madebit.
292 4101 336 4153 80.
363 4102 435 4164 Nunc
454 4112 542 4164 umen,
560 4105 610 4156 sire
628 4121 753 4170 persuum
769 4107 849 4166 lucris,
876 4121 918 4158 000
938 4103 1154 4169 quomodocunque
1174 4100 1243 4153 011100

141 4188 174 4246 sis
195 4185 305 4244 effectus,
323 4185 444 4234 consentia
459 4186 592 4252 nobiccum,
610 4188 677 4236 10000
692 4189 780 4246 omnis.
798 4194 824 4240 et
841 4186 920 4251 ample
940 4192 966 4236 et
980 4185 1075 4248 exigue,
1092 4183 1158 4232 bom
1172 4181 1241 4235 ⁶¹⁸⁸?

141 4269 206 4324 lire.
221 4267 363 4319 (300κο110.
394 4266 439 4316 80.
457 4265 490 4317 Et
507 4255 583 4316 100000
597 4267 660 4316 suo·
677 4283 759 4318 omues
776 4269 839 4326 boue
860 4267 940 4319 omnin
956 4265 1019 4318 selle
1036 4262 1132 4316 10100101
1148 4263 1242 4316 noser

142 4349 205 4402 lire.
221 4347 315 4410 liutem.
348 4347 488 4400 80010100
505 4355 584 4398 eutem
603 4348 701 4404 dicebes
712 4348 792 4398 omnis
807 4349 882 4412 lucra,
898 4355 946 4400 tem
957 4347 1043 4412 erigus
1060 4361 1130 4411 quem
1146 4357 1241 4414 magos,

142 4447 237 4495 cupere.
269 4431 332 4482 11ιο.
343 4430 471 4481 Dicebam.
503 4431 548 4480 80.
564 4429 654 4483 Nosne
661 4429 733 4494 igitur
741 4429 871 4482 secuudum
878 4435 1080 4484 mouentum
1091 4428 1192 4480 00100001
1199 4430 1242 4478 bo·

144 4511 228 4574 priuee,
242 4520 267 4561 et
278 4513 335 4562 boui
351 4513 438 4578 pariter
451 4521 523 4578 etque
534 4512 670 4574 militumi
681 4511 871 4577 cupidieeecut?
903 4510 966 4562 lire.
982 4510 1091 4582 Videtqr.
1124 4511 1168 4565 80.
1183 4511 1241 4564 Non

144 4599 206 4644 recte
216 4593 286 4659 igitur
294 4595 437 4661 rimpnebit
447 4595 566 4662 quispiam
580 4596 639 4648 lucri
649 4595 820 4662 0001000000
832 4591 883 4660 ipse
892 4608 987 4661 quoque
997 4593 1055 4649 lueri
1065 4593 1168 4663 cupidus
1176 4593 1216 4644 stt.
