<?xml version="1.0" encoding="UTF-8"?>
<!DOCTYPE html PUBLIC "-//W3C//DTD XHTML 1.0 Transitional//EN"
    "http://www.w3.org/TR/xhtml1/DTD/xhtml1-transitional.dtd">
<html xmlns="http://www.w3.org/1999/xhtml" xml:lang="en" lang="en">
 <head>
  <title>
</title>
<meta http-equiv="Content-Type" content="text/html;charset=utf-8" />
  <meta name='ocr-system' content='tesseract 3.04.00' />
  <meta name='ocr-capabilities' content='ocr_page ocr_carea ocr_par ocr_line ocrx_word'/>
</head>
<body>
  <div class='ocr_page' id='page_1' title='image "./platonisetquaev06bekkgoog_0472.png"; bbox 0 0 3150 5316; ppageno 0'>
   <div class='ocr_carea' id='block_1_1' title="bbox 159 503 1252 594">
    <p class='ocr_par' dir='ltr' id='par_1_1' title="bbox 159 503 1252 594">
     <span class='ocr_line' id='line_1_1' title="bbox 159 503 1252 594; baseline -0.001 -26"><span class='ocrx_word' id='word_1_1' title='bbox 159 507 231 585; x_wconf 84' lang='lat'>115]</span> <span class='ocrx_word' id='word_1_2' title='bbox 625 503 790 566; x_wconf 75' lang='lat' dir='ltr'>nunno.</span> <span class='ocrx_word' id='word_1_3' title='bbox 1179 507 1252 594; x_wconf 37' lang='lat' dir='ltr'>,rur</span> 
     </span>
    </p>
   </div>
   <div class='ocr_carea' id='block_1_2' title="bbox 154 653 1255 883">
    <p class='ocr_par' dir='ltr' id='par_1_2' title="bbox 154 653 1255 883">
     <span class='ocr_line' id='line_1_2' title="bbox 156 653 1255 726; baseline -0.005 -18"><span class='ocrx_word' id='word_1_4' title='bbox 156 658 294 724; x_wconf 84' lang='lat' dir='ltr'>injuriarum</span> <span class='ocrx_word' id='word_1_5' title='bbox 305 675 313 725; x_wconf 63' lang='grc' dir='ltr'>ι</span> <span class='ocrx_word' id='word_1_6' title='bbox 323 663 357 716; x_wconf 80' lang='lat' dir='ltr'>et,</span> <span class='ocrx_word' id='word_1_7' title='bbox 366 671 421 706; x_wconf 87' lang='lat' dir='ltr'>coru</span> <span class='ocrx_word' id='word_1_8' title='bbox 428 653 618 721; x_wconf 77' lang='lat' dir='ltr'>purificatieuut,</span> <span class='ocrx_word' id='word_1_9' title='bbox 625 654 777 709; x_wconf 87' lang='lat' dir='ltr'>abeolruutur</span> <span class='ocrx_word' id='word_1_10' title='bbox 787 673 794 703; x_wconf 74' lang='lat' dir='ltr'>r</span> <span class='ocrx_word' id='word_1_11' title='bbox 806 668 929 722; x_wconf 60' lang='lat' dir='ltr'>tonoque</span> <span class='ocrx_word' id='word_1_12' title='bbox 936 669 978 721; x_wconf 79' lang='lat' dir='ltr'>pro</span> <span class='ocrx_word' id='word_1_13' title='bbox 988 657 1171 726; x_wconf 65' lang='lat' dir='ltr'>mrieeplngull</span> <span class='ocrx_word' id='word_1_14' title='bbox 1181 661 1255 716; x_wconf 56' lang='lat' dir='ltr'>bene-</span> 
     </span>
     <span class='ocr_line' id='line_1_3' title="bbox 154 734 1252 803; baseline -0.007 -14"><span class='ocrx_word' id='word_1_15' title='bbox 154 741 270 790; x_wconf 81' lang='lat' dir='ltr'>ieotorunr</span> <span class='ocrx_word' id='word_1_16' title='bbox 280 736 375 803; x_wconf 72' lang='lat' dir='ltr'>praesule</span> <span class='ocrx_word' id='word_1_17' title='bbox 384 743 512 800; x_wconf 85' lang='lat' dir='ltr'>reportent.</span> <span class='ocrx_word' id='word_1_18' title='bbox 537 734 586 793; x_wconf 90' lang='lat' dir='ltr'>Qui</span> <span class='ocrx_word' id='word_1_19' title='bbox 592 751 647 800; x_wconf 76' lang='lat' dir='ltr'>roro</span> <span class='ocrx_word' id='word_1_20' title='bbox 658 735 690 784; x_wconf 89' lang='lat' dir='ltr'>ob</span> <span class='ocrx_word' id='word_1_21' title='bbox 700 734 813 784; x_wconf 60' lang='lat' dir='ltr'>merum</span> <span class='ocrx_word' id='word_1_22' title='bbox 820 735 1003 798; x_wconf 73' lang='lat' dir='ltr'>magnitudinem</span> <span class='ocrx_word' id='word_1_23' title='bbox 1011 739 1252 790; x_wconf 77' lang='lat' dir='ltr'>ineauabileaeeeevl.</span> 
     </span>
     <span class='ocr_line' id='line_1_4' title="bbox 158 813 1253 883; baseline 0.001 -15"><span class='ocrx_word' id='word_1_24' title='bbox 158 820 254 878; x_wconf 80' lang='lat' dir='ltr'>deutur,</span> <span class='ocrx_word' id='word_1_25' title='bbox 261 819 302 883; x_wconf 90' lang='lat' dir='ltr'>qui</span> <span class='ocrx_word' id='word_1_26' title='bbox 313 817 423 866; x_wconf 78' lang='lat' dir='ltr'>videlicet</span> <span class='ocrx_word' id='word_1_27' title='bbox 432 814 634 880; x_wconf 73' lang='lat' dir='ltr'>eacrliegiarunlta</span> <span class='ocrx_word' id='word_1_28' title='bbox 641 821 667 862; x_wconf 89' lang='lat' dir='ltr'>et</span> <span class='ocrx_word' id='word_1_29' title='bbox 674 829 760 878; x_wconf 71' lang='lat' dir='ltr'>magna</span> <span class='ocrx_word' id='word_1_30' title='bbox 769 813 805 862; x_wconf 88' lang='lat' dir='ltr'>rel</span> <span class='ocrx_word' id='word_1_31' title='bbox 814 813 990 879; x_wconf 74' lang='lat' dir='ltr'>ondeeinlquee</span> <span class='ocrx_word' id='word_1_32' title='bbox 997 817 1035 866; x_wconf 85' lang='lat' dir='ltr'>rel</span> <span class='ocrx_word' id='word_1_33' title='bbox 1043 818 1090 868; x_wconf 85' lang='lat' dir='ltr'>alia</span> <span class='ocrx_word' id='word_1_34' title='bbox 1099 821 1179 869; x_wconf 88' lang='lat' dir='ltr'>borum</span> <span class='ocrx_word' id='word_1_35' title='bbox 1186 820 1253 870; x_wconf 84' lang='lat' dir='ltr'>eimi-</span> 
     </span>
    </p>
   </div>
   <div class='ocr_carea' id='block_1_3' title="bbox 156 893 1256 1686">
    <p class='ocr_par' dir='ltr' id='par_1_3' title="bbox 156 893 1256 1686">
     <span class='ocr_line' id='line_1_5' title="bbox 159 893 1251 965; baseline 0.003 -19"><span class='ocrx_word' id='word_1_36' title='bbox 159 901 192 950; x_wconf 87' lang='lat' dir='ltr'>lle</span> <span class='ocrx_word' id='word_1_37' title='bbox 202 896 396 964; x_wconf 77' lang='lat' dir='ltr'>perpetraverint,</span> <span class='ocrx_word' id='word_1_38' title='bbox 408 897 451 944; x_wconf 84' lang='lat' dir='ltr'>boe</span> <span class='ocrx_word' id='word_1_39' title='bbox 462 911 545 944; x_wconf 86' lang='lat' dir='ltr'>omuee</span> <span class='ocrx_word' id='word_1_40' title='bbox 554 895 700 944; x_wconf 80' lang='lat' dir='ltr'>conueniene</span> <span class='ocrx_word' id='word_1_41' title='bbox 710 909 759 942; x_wconf 83' lang='lat' dir='ltr'>rore</span> <span class='ocrx_word' id='word_1_42' title='bbox 777 894 861 958; x_wconf 71' lang='lat' dir='ltr'>mergit</span> <span class='ocrx_word' id='word_1_43' title='bbox 878 893 904 943; x_wconf 89' lang='lat' dir='ltr'>iu</span> <span class='ocrx_word' id='word_1_44' title='bbox 917 901 1038 955; x_wconf 69' lang='lat' dir='ltr'>mrum,</span> <span class='ocrx_word' id='word_1_45' title='bbox 1048 899 1112 948; x_wconf 88' lang='lat' dir='ltr'>uude</span> <span class='ocrx_word' id='word_1_46' title='bbox 1130 915 1251 965; x_wconf 83' lang='lat' dir='ltr'>uunquam</span> 
     </span>
     <span class='ocr_line' id='line_1_6' title="bbox 157 969 1251 1044; baseline 0.001 -15"><span class='ocrx_word' id='word_1_47' title='bbox 157 979 318 1044; x_wconf 71' lang='lat' dir='ltr'>egrediuntur.</span> <span class='ocrx_word' id='word_1_48' title='bbox 335 979 385 1036; x_wconf 85' lang='lat' dir='ltr'>Qui</span> <span class='ocrx_word' id='word_1_49' title='bbox 392 981 471 1025; x_wconf 86' lang='lat' dir='ltr'>autem</span> <span class='ocrx_word' id='word_1_50' title='bbox 482 974 596 1026; x_wconf 86' lang='lat' dir='ltr'>eauebiile</span> <span class='ocrx_word' id='word_1_51' title='bbox 604 973 701 1039; x_wconf 84' lang='lat' dir='ltr'>quidem</span> <span class='ocrx_word' id='word_1_52' title='bbox 711 981 820 1039; x_wconf 58' lang='lat' dir='ltr'>ponam,</span> <span class='ocrx_word' id='word_1_53' title='bbox 830 974 873 1024; x_wconf 86' lang='lat' dir='ltr'>red</span> <span class='ocrx_word' id='word_1_54' title='bbox 883 975 990 1040; x_wconf 71' lang='lat' dir='ltr'>ingentia</span> <span class='ocrx_word' id='word_1_55' title='bbox 995 977 1169 1038; x_wconf 77' lang='lat' dir='ltr'>comminemur,</span> <span class='ocrx_word' id='word_1_56' title='bbox 1176 969 1251 1030; x_wconf 77' lang='lat' dir='ltr'>veluti</span> 
     </span>
     <span class='ocr_line' id='line_1_7' title="bbox 157 1053 1253 1124; baseline -0.001 -15"><span class='ocrx_word' id='word_1_57' title='bbox 157 1059 227 1124; x_wconf 88' lang='lat' dir='ltr'>eiqai</span> <span class='ocrx_word' id='word_1_58' title='bbox 238 1067 321 1109; x_wconf 86' lang='lat' dir='ltr'>eontra</span> <span class='ocrx_word' id='word_1_59' title='bbox 330 1066 419 1124; x_wconf 83' lang='lat' dir='ltr'>petrem</span> <span class='ocrx_word' id='word_1_60' title='bbox 432 1057 468 1105; x_wconf 90' lang='lat' dir='ltr'>rel</span> <span class='ocrx_word' id='word_1_61' title='bbox 478 1063 574 1105; x_wconf 83' lang='lat' dir='ltr'>matrem</span> <span class='ocrx_word' id='word_1_62' title='bbox 582 1053 635 1104; x_wconf 87' lang='lat' dir='ltr'>ireti</span> <span class='ocrx_word' id='word_1_63' title='bbox 646 1069 688 1118; x_wconf 87' lang='lat' dir='ltr'>per</span> <span class='ocrx_word' id='word_1_64' title='bbox 698 1054 746 1104; x_wconf 88' lang='lat' dir='ltr'>rim</span> <span class='ocrx_word' id='word_1_65' title='bbox 753 1053 843 1118; x_wconf 82' lang='lat' dir='ltr'>aliquid</span> <span class='ocrx_word' id='word_1_66' title='bbox 854 1053 962 1118; x_wconf 79' lang='lat' dir='ltr'>leoeniut,</span> <span class='ocrx_word' id='word_1_67' title='bbox 978 1055 1053 1122; x_wconf 78' lang='lat'><strong>[11⁴]</strong></span> <span class='ocrx_word' id='word_1_68' title='bbox 1062 1058 1104 1107; x_wconf 91' lang='lat' dir='ltr'>eed</span> <span class='ocrx_word' id='word_1_69' title='bbox 1116 1058 1253 1122; x_wconf 75' lang='lat' dir='ltr'>poenitentia</span> 
     </span>
     <span class='ocr_line' id='line_1_8' title="bbox 157 1134 1254 1202; baseline 0 -14"><span class='ocrx_word' id='word_1_70' title='bbox 157 1141 225 1190; x_wconf 85' lang='lat' dir='ltr'>ducti</span> <span class='ocrx_word' id='word_1_71' title='bbox 242 1155 284 1189; x_wconf 92' lang='lat' dir='ltr'>eoe</span> <span class='ocrx_word' id='word_1_72' title='bbox 301 1140 329 1190; x_wconf 86' lang='lat' dir='ltr'>in</span> <span class='ocrx_word' id='word_1_73' title='bbox 344 1146 422 1190; x_wconf 84' lang='lat' dir='ltr'>oetere</span> <span class='ocrx_word' id='word_1_74' title='bbox 432 1137 481 1187; x_wconf 87' lang='lat' dir='ltr'>rita</span> <span class='ocrx_word' id='word_1_75' title='bbox 494 1135 618 1193; x_wconf 80' lang='lat' dir='ltr'>coluerint.</span> <span class='ocrx_word' id='word_1_76' title='bbox 628 1135 667 1184; x_wconf 91' lang='lat' dir='ltr'>rel</span> <span class='ocrx_word' id='word_1_77' title='bbox 682 1135 725 1200; x_wconf 89' lang='lat' dir='ltr'>qui</span> <span class='ocrx_word' id='word_1_78' title='bbox 741 1134 810 1183; x_wconf 86' lang='lat' dir='ltr'>eimili</span> <span class='ocrx_word' id='word_1_79' title='bbox 827 1136 931 1199; x_wconf 87' lang='lat' dir='ltr'>quodam</span> <span class='ocrx_word' id='word_1_80' title='bbox 942 1143 1013 1200; x_wconf 85' lang='lat' dir='ltr'>paeto</span> <span class='ocrx_word' id='word_1_81' title='bbox 1022 1137 1112 1190; x_wconf 80' lang='lat' dir='ltr'>ruerint</span> <span class='ocrx_word' id='word_1_82' title='bbox 1121 1136 1254 1202; x_wconf 68' lang='lat' dir='ltr'>hemetre,</span> 
     </span>
     <span class='ocr_line' id='line_1_9' title="bbox 158 1214 1252 1285; baseline -0.004 -15"><span class='ocrx_word' id='word_1_83' title='bbox 158 1237 200 1270; x_wconf 86' lang='lat' dir='ltr'>eor</span> <span class='ocrx_word' id='word_1_84' title='bbox 211 1220 237 1268; x_wconf 89' lang='lat' dir='ltr'>iu</span> <span class='ocrx_word' id='word_1_85' title='bbox 246 1227 355 1270; x_wconf 85' lang='lat' dir='ltr'>tartarum</span> <span class='ocrx_word' id='word_1_86' title='bbox 365 1219 460 1285; x_wconf 84' lang='lat' dir='ltr'>quidem</span> <span class='ocrx_word' id='word_1_87' title='bbox 477 1233 573 1266; x_wconf 87' lang='lat' dir='ltr'>neeeeee</span> <span class='ocrx_word' id='word_1_88' title='bbox 592 1223 629 1264; x_wconf 89' lang='lat' dir='ltr'>eet</span> <span class='ocrx_word' id='word_1_89' title='bbox 642 1216 726 1265; x_wconf 89' lang='lat' dir='ltr'>oadere</span> <span class='ocrx_word' id='word_1_90' title='bbox 737 1231 743 1263; x_wconf 76' lang='grc' dir='ltr'>ι</span> <span class='ocrx_word' id='word_1_91' title='bbox 760 1214 803 1264; x_wconf 90' lang='lat' dir='ltr'>eed</span> <span class='ocrx_word' id='word_1_92' title='bbox 813 1215 848 1264; x_wconf 86' lang='lat' dir='ltr'>ibi</span> <span class='ocrx_word' id='word_1_93' title='bbox 858 1231 900 1279; x_wconf 86' lang='lat' dir='ltr'>per</span> <span class='ocrx_word' id='word_1_94' title='bbox 908 1231 996 1265; x_wconf 88' lang='lat' dir='ltr'>anuum</span> <span class='ocrx_word' id='word_1_95' title='bbox 1006 1217 1145 1266; x_wconf 84' lang='lat' dir='ltr'>oomurorati</span> <span class='ocrx_word' id='word_1_96' title='bbox 1154 1233 1169 1267; x_wconf 92' lang='grc' dir='ltr'>ι</span> <span class='ocrx_word' id='word_1_97' title='bbox 1179 1219 1252 1269; x_wconf 84' lang='lat' dir='ltr'>doctu</span> 
     </span>
     <span class='ocr_line' id='line_1_10' title="bbox 157 1295 1256 1364; baseline -0.001 -14"><span class='ocrx_word' id='word_1_98' title='bbox 157 1301 293 1364; x_wconf 86' lang='lat' dir='ltr'>ejiciuntur,</span> <span class='ocrx_word' id='word_1_99' title='bbox 304 1299 429 1349; x_wconf 75' lang='lat' dir='ltr'>homicide</span> <span class='ocrx_word' id='word_1_100' title='bbox 439 1297 535 1363; x_wconf 86' lang='lat' dir='ltr'>quidem</span> <span class='ocrx_word' id='word_1_101' title='bbox 547 1311 589 1360; x_wconf 84' lang='lat' dir='ltr'>per</span> <span class='ocrx_word' id='word_1_102' title='bbox 604 1295 733 1360; x_wconf 76' lang='lat' dir='ltr'>Cocytum,</span> <span class='ocrx_word' id='word_1_103' title='bbox 744 1304 868 1360; x_wconf 84' lang='lat' dir='ltr'>parentum</span> <span class='ocrx_word' id='word_1_104' title='bbox 879 1311 933 1346; x_wconf 89' lang='lat' dir='ltr'>rero</span> <span class='ocrx_word' id='word_1_105' title='bbox 945 1295 1068 1346; x_wconf 76' lang='lat' dir='ltr'>violatores</span> <span class='ocrx_word' id='word_1_106' title='bbox 1078 1313 1120 1362; x_wconf 87' lang='lat' dir='ltr'>per</span> <span class='ocrx_word' id='word_1_107' title='bbox 1129 1296 1256 1362; x_wconf 80' lang='lat' dir='ltr'>Pyriphle-</span> 
     </span>
     <span class='ocr_line' id='line_1_11' title="bbox 158 1375 1254 1444; baseline -0.001 -14"><span class='ocrx_word' id='word_1_108' title='bbox 158 1383 304 1444; x_wconf 75' lang='lat' dir='ltr'>getboutem.</span> <span class='ocrx_word' id='word_1_109' title='bbox 337 1379 466 1444; x_wconf 82' lang='lat' dir='ltr'>Poetqmm</span> <span class='ocrx_word' id='word_1_110' title='bbox 476 1392 532 1427; x_wconf 86' lang='lat' dir='ltr'>rero</span> <span class='ocrx_word' id='word_1_111' title='bbox 542 1377 574 1426; x_wconf 94' lang='lat' dir='ltr'>ab</span> <span class='ocrx_word' id='word_1_112' title='bbox 583 1375 620 1425; x_wconf 93' lang='lat' dir='ltr'>bie</span> <span class='ocrx_word' id='word_1_113' title='bbox 629 1375 703 1426; x_wconf 85' lang='lat' dir='ltr'>deleti</span> <span class='ocrx_word' id='word_1_114' title='bbox 713 1375 848 1424; x_wconf 84' lang='lat' dir='ltr'>fluminibue</span> <span class='ocrx_word' id='word_1_115' title='bbox 868 1375 900 1425; x_wconf 91' lang='lat' dir='ltr'>ed</span> <span class='ocrx_word' id='word_1_116' title='bbox 916 1375 1027 1441; x_wconf 84' lang='lat' dir='ltr'>paludem</span> <span class='ocrx_word' id='word_1_117' title='bbox 1037 1378 1190 1428; x_wconf 79' lang='lat' dir='ltr'>Aoberueienr</span> <span class='ocrx_word' id='word_1_118' title='bbox 1202 1395 1254 1444; x_wconf 86' lang='lat' dir='ltr'>per·</span> 
     </span>
     <span class='ocr_line' id='line_1_12' title="bbox 158 1454 1254 1524; baseline -0.001 -15"><span class='ocrx_word' id='word_1_119' title='bbox 158 1469 283 1524; x_wconf 82' lang='lat' dir='ltr'>venerunt,</span> <span class='ocrx_word' id='word_1_120' title='bbox 292 1461 395 1510; x_wconf 84' lang='lat' dir='ltr'>clament</span> <span class='ocrx_word' id='word_1_121' title='bbox 402 1459 452 1508; x_wconf 88' lang='lat' dir='ltr'>illio</span> <span class='ocrx_word' id='word_1_122' title='bbox 462 1459 617 1522; x_wconf 87' lang='lat' dir='ltr'>rooiteutque</span> <span class='ocrx_word' id='word_1_123' title='bbox 627 1454 679 1520; x_wconf 58' lang='lat' dir='ltr'>eor}</span> <span class='ocrx_word' id='word_1_124' title='bbox 689 1471 749 1521; x_wconf 91' lang='lat' dir='ltr'>quoe</span> <span class='ocrx_word' id='word_1_125' title='bbox 759 1456 797 1505; x_wconf 85' lang='lat' dir='ltr'>rel</span> <span class='ocrx_word' id='word_1_126' title='bbox 806 1464 949 1506; x_wconf 79' lang='lat' dir='ltr'>necaverunt</span> <span class='ocrx_word' id='word_1_127' title='bbox 958 1457 998 1522; x_wconf 85' lang='lat' dir='ltr'>rel</span> <span class='ocrx_word' id='word_1_128' title='bbox 1005 1456 1097 1522; x_wconf 75' lang='lat' dir='ltr'>iujuriie</span> <span class='ocrx_word' id='word_1_129' title='bbox 1106 1459 1254 1521; x_wconf 76' lang='lat' dir='ltr'>affecerunt5</span> 
     </span>
     <span class='ocr_line' id='line_1_13' title="bbox 159 1536 1255 1606; baseline -0.001 -17"><span class='ocrx_word' id='word_1_130' title='bbox 159 1541 345 1606; x_wconf 72' lang='lat' dir='ltr'>suppliciterque</span> <span class='ocrx_word' id='word_1_131' title='bbox 361 1547 445 1604; x_wconf 70' lang='lat' dir='ltr'>rogant</span> <span class='ocrx_word' id='word_1_132' title='bbox 460 1546 531 1604; x_wconf 88' lang='lat' dir='ltr'>atque</span> <span class='ocrx_word' id='word_1_133' title='bbox 547 1538 713 1602; x_wconf 85' lang='lat' dir='ltr'>deprecantur.</span> <span class='ocrx_word' id='word_1_134' title='bbox 725 1543 751 1584; x_wconf 90' lang='lat' dir='ltr'>ut</span> <span class='ocrx_word' id='word_1_135' title='bbox 769 1551 810 1584; x_wconf 87' lang='lat' dir='ltr'>coe</span> <span class='ocrx_word' id='word_1_136' title='bbox 827 1536 962 1600; x_wconf 83' lang='lat' dir='ltr'>permittent</span> <span class='ocrx_word' id='word_1_137' title='bbox 972 1537 1080 1602; x_wconf 71' lang='lat' dir='ltr'>progredi</span> <span class='ocrx_word' id='word_1_138' title='bbox 1091 1553 1134 1603; x_wconf 87' lang='lat' dir='ltr'>per</span> <span class='ocrx_word' id='word_1_139' title='bbox 1143 1539 1255 1602; x_wconf 86' lang='lat' dir='ltr'>paludem</span> 
     </span>
     <span class='ocr_line' id='line_1_14' title="bbox 156 1615 1254 1686; baseline -0.003 -16"><span class='ocrx_word' id='word_1_140' title='bbox 156 1621 240 1686; x_wconf 78' lang='lat' dir='ltr'>ibique</span> <span class='ocrx_word' id='word_1_141' title='bbox 248 1619 338 1670; x_wconf 68' lang='lat' dir='ltr'>absolui</span> <span class='ocrx_word' id='word_1_142' title='bbox 349 1638 355 1669; x_wconf 69' lang='grc' dir='ltr'>ι</span> <span class='ocrx_word' id='word_1_143' title='bbox 373 1635 402 1669; x_wconf 90' lang='lat' dir='ltr'>ao</span> <span class='ocrx_word' id='word_1_144' title='bbox 412 1620 434 1668; x_wconf 87' lang='lat' dir='ltr'>ei</span> <span class='ocrx_word' id='word_1_145' title='bbox 444 1618 628 1684; x_wconf 80' lang='lat' dir='ltr'>impetrererint,</span> <span class='ocrx_word' id='word_1_146' title='bbox 639 1623 763 1682; x_wconf 67' lang='lat' dir='ltr'>peneum</span> <span class='ocrx_word' id='word_1_147' title='bbox 782 1615 839 1666; x_wconf 88' lang='lat' dir='ltr'>ilino</span> <span class='ocrx_word' id='word_1_148' title='bbox 858 1616 977 1681; x_wconf 82' lang='lat' dir='ltr'>finemque</span> <span class='ocrx_word' id='word_1_149' title='bbox 993 1618 1105 1668; x_wconf 86' lang='lat' dir='ltr'>malorum</span> <span class='ocrx_word' id='word_1_150' title='bbox 1115 1619 1254 1683; x_wconf 83' lang='lat' dir='ltr'>aooipiunt=</span> 
     </span>
    </p>
   </div>
   <div class='ocr_carea' id='block_1_4' title="bbox 158 1697 1336 1766">
    <p class='ocr_par' dir='ltr' id='par_1_4' title="bbox 158 1697 1336 1766">
     <span class='ocr_line' id='line_1_15' title="bbox 158 1697 1336 1766; baseline 0.003 -18"><span class='ocrx_word' id='word_1_151' title='bbox 158 1701 196 1749; x_wconf 90' lang='lat' dir='ltr'>eiu</span> <span class='ocrx_word' id='word_1_152' title='bbox 207 1700 283 1750; x_wconf 79' lang='lat' dir='ltr'>minue</span> <span class='ocrx_word' id='word_1_153' title='bbox 293 1707 382 1766; x_wconf 86' lang='lat' dir='ltr'>qneeut</span> <span class='ocrx_word' id='word_1_154' title='bbox 392 1699 542 1766; x_wconf 85' lang='lat' dir='ltr'>pereuadere,</span> <span class='ocrx_word' id='word_1_155' title='bbox 551 1698 682 1748; x_wconf 75' lang='lat' dir='ltr'>referuntur</span> <span class='ocrx_word' id='word_1_156' title='bbox 691 1697 717 1746; x_wconf 91' lang='lat' dir='ltr'>in</span> <span class='ocrx_word' id='word_1_157' title='bbox 729 1703 838 1746; x_wconf 85' lang='lat' dir='ltr'>tartarum</span> <span class='ocrx_word' id='word_1_158' title='bbox 849 1704 921 1762; x_wconf 88' lang='lat' dir='ltr'>etque</span> <span class='ocrx_word' id='word_1_159' title='bbox 931 1697 989 1748; x_wconf 86' lang='lat' dir='ltr'>iude</span> <span class='ocrx_word' id='word_1_160' title='bbox 1004 1713 1082 1748; x_wconf 83' lang='lat' dir='ltr'>roreue</span> <span class='ocrx_word' id='word_1_161' title='bbox 1098 1698 1125 1748; x_wconf 83' lang='lat' dir='ltr'>ln</span> <span class='ocrx_word' id='word_1_162' title='bbox 1139 1701 1252 1762; x_wconf 60' lang='lat' dir='ltr'>dominu</span> <span class='ocrx_word' id='word_1_163' title='bbox 1332 1728 1336 1736; x_wconf 93' lang='lat'>·</span> 
     </span>
    </p>
   </div>
   <div class='ocr_carea' id='block_1_5' title="bbox 154 1777 1295 4572">
    <p class='ocr_par' dir='ltr' id='par_1_5' title="bbox 154 1777 1295 4572">
     <span class='ocr_line' id='line_1_16' title="bbox 159 1777 1256 1846; baseline 0.001 -16"><span class='ocrx_word' id='word_1_164' title='bbox 159 1797 237 1846; x_wconf 86' lang='lat' dir='ltr'>neque</span> <span class='ocrx_word' id='word_1_165' title='bbox 248 1783 351 1845; x_wconf 68' lang='lat' dir='ltr'>perbeo</span> <span class='ocrx_word' id='word_1_166' title='bbox 361 1780 424 1830; x_wconf 86' lang='lat' dir='ltr'>maia</span> <span class='ocrx_word' id='word_1_167' title='bbox 439 1779 525 1829; x_wconf 80' lang='lat' dir='ltr'>deicrri</span> <span class='ocrx_word' id='word_1_168' title='bbox 543 1777 606 1843; x_wconf 85' lang='lat' dir='ltr'>prim</span> <span class='ocrx_word' id='word_1_169' title='bbox 622 1785 724 1834; x_wconf 73' lang='lat' dir='ltr'>oeream.</span> <span class='ocrx_word' id='word_1_170' title='bbox 734 1791 805 1842; x_wconf 82' lang='lat' dir='ltr'>quarn</span> <span class='ocrx_word' id='word_1_171' title='bbox 822 1777 853 1826; x_wconf 88' lang='lat' dir='ltr'>ab</span> <span class='ocrx_word' id='word_1_172' title='bbox 871 1777 917 1836; x_wconf 82' lang='lat' dir='ltr'>bie,</span> <span class='ocrx_word' id='word_1_173' title='bbox 928 1793 988 1844; x_wconf 89' lang='lat' dir='ltr'>quor</span> <span class='ocrx_word' id='word_1_174' title='bbox 1006 1779 1138 1830; x_wconf 80' lang='lat' dir='ltr'>effecerunt</span> <span class='ocrx_word' id='word_1_175' title='bbox 1154 1780 1256 1845; x_wconf 70' lang='lat' dir='ltr'>injuriis,</span> 
     </span>
     <span class='ocr_line' id='line_1_17' title="bbox 157 1857 1255 1926; baseline 0 -16"><span class='ocrx_word' id='word_1_176' title='bbox 157 1862 342 1926; x_wconf 75' lang='lat' dir='ltr'>impetraverint.</span> <span class='ocrx_word' id='word_1_177' title='bbox 358 1863 410 1911; x_wconf 77' lang='lat' dir='ltr'>lune</span> <span class='ocrx_word' id='word_1_178' title='bbox 420 1860 485 1910; x_wconf 79' lang='lat' dir='ltr'>euim</span> <span class='ocrx_word' id='word_1_179' title='bbox 494 1875 565 1924; x_wconf 79' lang='lat' dir='ltr'>prena</span> <span class='ocrx_word' id='word_1_180' title='bbox 574 1858 621 1908; x_wconf 86' lang='lat' dir='ltr'>illie</span> <span class='ocrx_word' id='word_1_181' title='bbox 632 1871 647 1906; x_wconf 91' lang='lat' dir='ltr'>a</span> <span class='ocrx_word' id='word_1_182' title='bbox 654 1857 777 1921; x_wconf 86' lang='lat' dir='ltr'>judicibue</span> <span class='ocrx_word' id='word_1_183' title='bbox 786 1864 825 1907; x_wconf 86' lang='lat' dir='ltr'>eet</span> <span class='ocrx_word' id='word_1_184' title='bbox 834 1857 953 1922; x_wconf 77' lang='lat' dir='ltr'>imponite.</span> <span class='ocrx_word' id='word_1_185' title='bbox 986 1860 1035 1917; x_wconf 82' lang='lat' dir='ltr'>Qui</span> <span class='ocrx_word' id='word_1_186' title='bbox 1051 1867 1130 1910; x_wconf 85' lang='lat' dir='ltr'>autern</span> <span class='ocrx_word' id='word_1_187' title='bbox 1148 1859 1188 1924; x_wconf 83' lang='lat' dir='ltr'>pie</span> <span class='ocrx_word' id='word_1_188' title='bbox 1205 1875 1255 1925; x_wconf 71' lang='lat' dir='ltr'>pre</span> 
     </span>
     <span class='ocr_line' id='line_1_18' title="bbox 155 1939 1255 2005; baseline -0.003 -14"><span class='ocrx_word' id='word_1_189' title='bbox 155 1941 242 1991; x_wconf 83' lang='lat' dir='ltr'>oeterir</span> <span class='ocrx_word' id='word_1_190' title='bbox 251 1941 337 1990; x_wconf 81' lang='lat' dir='ltr'>rixieee</span> <span class='ocrx_word' id='word_1_191' title='bbox 348 1941 508 2004; x_wconf 78' lang='lat' dir='ltr'>inveniuntur,</span> <span class='ocrx_word' id='word_1_192' title='bbox 518 1940 543 1988; x_wconf 86' lang='lat' dir='ltr'>bi</span> <span class='ocrx_word' id='word_1_193' title='bbox 553 1945 618 1996; x_wconf 81' lang='lat' dir='ltr'>eunt,</span> <span class='ocrx_word' id='word_1_194' title='bbox 628 1939 669 2003; x_wconf 89' lang='lat' dir='ltr'>qui</span> <span class='ocrx_word' id='word_1_195' title='bbox 680 1954 710 1988; x_wconf 85' lang='lat' dir='ltr'>ea</span> <span class='ocrx_word' id='word_1_196' title='bbox 726 1939 764 1987; x_wconf 83' lang='lat' dir='ltr'>bie</span> <span class='ocrx_word' id='word_1_197' title='bbox 772 1939 868 1988; x_wconf 76' lang='lat' dir='ltr'>terrente</span> <span class='ocrx_word' id='word_1_198' title='bbox 878 1939 947 2002; x_wconf 85' lang='lat' dir='ltr'>lucie,</span> <span class='ocrx_word' id='word_1_199' title='bbox 958 1947 1069 2005; x_wconf 88' lang='lat' dir='ltr'>tenquern</span> <span class='ocrx_word' id='word_1_200' title='bbox 1079 1957 1095 1988; x_wconf 89' lang='lat' dir='ltr'>e</span> <span class='ocrx_word' id='word_1_201' title='bbox 1104 1955 1206 2003; x_wconf 71' lang='lat' dir='ltr'>worm,</span> <span class='ocrx_word' id='word_1_202' title='bbox 1216 1955 1255 1988; x_wconf 91' lang='lat' dir='ltr'>ao-</span> 
     </span>
     <span class='ocr_line' id='line_1_19' title="bbox 160 2019 1254 2086; baseline -0.002 -16"><span class='ocrx_word' id='word_1_203' title='bbox 160 2021 204 2070; x_wconf 91' lang='lat' dir='ltr'>loti</span> <span class='ocrx_word' id='word_1_204' title='bbox 215 2029 286 2086; x_wconf 83' lang='lat' dir='ltr'>utque</span> <span class='ocrx_word' id='word_1_205' title='bbox 297 2021 390 2070; x_wconf 77' lang='lat' dir='ltr'>libenti</span> <span class='ocrx_word' id='word_1_206' title='bbox 400 2021 431 2069; x_wconf 91' lang='lat' dir='ltr'>ad</span> <span class='ocrx_word' id='word_1_207' title='bbox 442 2019 526 2070; x_wconf 87' lang='lat' dir='ltr'>eltiora</span> <span class='ocrx_word' id='word_1_208' title='bbox 535 2020 714 2078; x_wconf 65' lang='lat' dir='ltr'>bauwenduot,</span> <span class='ocrx_word' id='word_1_209' title='bbox 725 2035 855 2084; x_wconf 82' lang='lat' dir='ltr'>puramque</span> <span class='ocrx_word' id='word_1_210' title='bbox 871 2034 941 2085; x_wconf 85' lang='lat' dir='ltr'>eupre</span> <span class='ocrx_word' id='word_1_211' title='bbox 958 2027 1042 2070; x_wconf 83' lang='lat' dir='ltr'>terram</span> <span class='ocrx_word' id='word_1_212' title='bbox 1057 2021 1167 2070; x_wconf 86' lang='lat' dir='ltr'>habitant</span> <span class='ocrx_word' id='word_1_213' title='bbox 1177 2019 1254 2084; x_wconf 69' lang='lat' dir='ltr'>regio-</span> 
     </span>
     <span class='ocr_line' id='line_1_20' title="bbox 159 2099 1255 2166; baseline -0.003 -15"><span class='ocrx_word' id='word_1_214' title='bbox 159 2117 223 2152; x_wconf 80' lang='lat' dir='ltr'>netu.</span> <span class='ocrx_word' id='word_1_215' title='bbox 256 2101 322 2152; x_wconf 88' lang='lat' dir='ltr'>Inter</span> <span class='ocrx_word' id='word_1_216' title='bbox 330 2103 374 2151; x_wconf 82' lang='lat' dir='ltr'>bue</span> <span class='ocrx_word' id='word_1_217' title='bbox 383 2108 462 2151; x_wconf 88' lang='lat' dir='ltr'>autern</span> <span class='ocrx_word' id='word_1_218' title='bbox 472 2101 608 2165; x_wconf 84' lang='lat' dir='ltr'>quicunque</span> <span class='ocrx_word' id='word_1_219' title='bbox 617 2100 673 2148; x_wconf 87' lang='lat' dir='ltr'>eatir</span> <span class='ocrx_word' id='word_1_220' title='bbox 684 2115 726 2165; x_wconf 87' lang='lat' dir='ltr'>per</span> <span class='ocrx_word' id='word_1_221' title='bbox 736 2099 909 2166; x_wconf 81' lang='lat' dir='ltr'>pbiiueopbiarn</span> <span class='ocrx_word' id='word_1_222' title='bbox 920 2100 1013 2166; x_wconf 80' lang='lat' dir='ltr'>purgeti</span> <span class='ocrx_word' id='word_1_223' title='bbox 1029 2108 1092 2158; x_wconf 82' lang='lat' dir='ltr'>eunt,</span> <span class='ocrx_word' id='word_1_224' title='bbox 1103 2100 1193 2165; x_wconf 88' lang='lat' dir='ltr'>abeque</span> <span class='ocrx_word' id='word_1_225' title='bbox 1202 2115 1255 2149; x_wconf 86' lang='lat' dir='ltr'>cor·</span> 
     </span>
     <span class='ocr_line' id='line_1_21' title="bbox 160 2180 1252 2246; baseline -0.001 -16"><span class='ocrx_word' id='word_1_226' title='bbox 160 2182 258 2246; x_wconf 89' lang='lat' dir='ltr'>poribue</span> <span class='ocrx_word' id='word_1_227' title='bbox 275 2183 373 2231; x_wconf 88' lang='lat' dir='ltr'>omniuo</span> <span class='ocrx_word' id='word_1_228' title='bbox 391 2189 467 2232; x_wconf 85' lang='lat' dir='ltr'>totum</span> <span class='ocrx_word' id='word_1_229' title='bbox 482 2196 526 2246; x_wconf 89' lang='lat' dir='ltr'>per</span> <span class='ocrx_word' id='word_1_230' title='bbox 540 2189 635 2245; x_wconf 86' lang='lat' dir='ltr'>ternpue</span> <span class='ocrx_word' id='word_1_231' title='bbox 645 2180 738 2240; x_wconf 77' lang='lat' dir='ltr'>riruut,</span> <span class='ocrx_word' id='word_1_232' title='bbox 747 2180 952 2246; x_wconf 68' lang='lat' dir='ltr'>habitationesque</span> <span class='ocrx_word' id='word_1_233' title='bbox 967 2181 1005 2230; x_wconf 84' lang='lat' dir='ltr'>bie</span> <span class='ocrx_word' id='word_1_234' title='bbox 1019 2181 1090 2232; x_wconf 88' lang='lat' dir='ltr'>etiem</span> <span class='ocrx_word' id='word_1_235' title='bbox 1107 2181 1252 2246; x_wconf 88' lang='lat' dir='ltr'>pnlobrioree</span> 
     </span>
     <span class='ocr_line' id='line_1_22' title="bbox 159 2260 1254 2327; baseline 0 -18"><span class='ocrx_word' id='word_1_236' title='bbox 159 2261 342 2310; x_wconf 84' lang='lat' dir='ltr'>nenoieountor:</span> <span class='ocrx_word' id='word_1_237' title='bbox 360 2277 457 2327; x_wconf 87' lang='lat' dir='ltr'>quarum</span> <span class='ocrx_word' id='word_1_238' title='bbox 469 2261 621 2327; x_wconf 81' lang='lat' dir='ltr'>pulchritudo</span> <span class='ocrx_word' id='word_1_239' title='bbox 637 2276 715 2326; x_wconf 85' lang='lat' dir='ltr'>neque</span> <span class='ocrx_word' id='word_1_240' title='bbox 730 2260 805 2312; x_wconf 79' lang='lat' dir='ltr'>leoilie</span> <span class='ocrx_word' id='word_1_241' title='bbox 821 2261 887 2311; x_wconf 89' lang='lat' dir='ltr'>dictu</span> <span class='ocrx_word' id='word_1_242' title='bbox 904 2269 949 2319; x_wconf 84' lang='lat' dir='ltr'>cet,</span> <span class='ocrx_word' id='word_1_243' title='bbox 960 2276 1038 2326; x_wconf 84' lang='lat' dir='ltr'>neque</span> <span class='ocrx_word' id='word_1_244' title='bbox 1048 2276 1150 2326; x_wconf 74' lang='lat' dir='ltr'>prneenr</span> <span class='ocrx_word' id='word_1_245' title='bbox 1160 2268 1254 2326; x_wconf 84' lang='lat' dir='ltr'>tempue</span> 
     </span>
     <span class='ocr_line' id='line_1_23' title="bbox 159 2339 1254 2406; baseline 0.002 -18"><span class='ocrx_word' id='word_1_246' title='bbox 159 2341 190 2388; x_wconf 90' lang='lat' dir='ltr'>ad</span> <span class='ocrx_word' id='word_1_247' title='bbox 210 2341 337 2391; x_wconf 84' lang='lat' dir='ltr'>dicendum</span> <span class='ocrx_word' id='word_1_248' title='bbox 355 2343 479 2392; x_wconf 83' lang='lat' dir='ltr'>eufficeret.</span> <span class='ocrx_word' id='word_1_249' title='bbox 512 2341 560 2390; x_wconf 85' lang='lat' dir='ltr'>Sed</span> <span class='ocrx_word' id='word_1_250' title='bbox 578 2343 670 2400; x_wconf 84' lang='lat' dir='ltr'>borum,</span> <span class='ocrx_word' id='word_1_251' title='bbox 681 2357 735 2406; x_wconf 72' lang='lat' dir='ltr'>quar</span> <span class='ocrx_word' id='word_1_252' title='bbox 753 2349 845 2390; x_wconf 83' lang='lat' dir='ltr'>narrate</span> <span class='ocrx_word' id='word_1_253' title='bbox 862 2349 926 2405; x_wconf 87' lang='lat' dir='ltr'>eunt,</span> <span class='ocrx_word' id='word_1_254' title='bbox 941 2340 1050 2406; x_wconf 54' lang='lat' dir='ltr'>gratiam</span> <span class='ocrx_word' id='word_1_255' title='bbox 1065 2340 1171 2400; x_wconf 85' lang='lat' dir='ltr'>Simmia.</span> <span class='ocrx_word' id='word_1_256' title='bbox 1188 2339 1254 2392; x_wconf 80' lang='lat' dir='ltr'>onrni</span> 
     </span>
     <span class='ocr_line' id='line_1_24' title="bbox 160 2413 1256 2488; baseline 0.002 -18"><span class='ocrx_word' id='word_1_257' title='bbox 160 2421 241 2470; x_wconf 87' lang='lat' dir='ltr'>etudio</span> <span class='ocrx_word' id='word_1_258' title='bbox 251 2429 289 2470; x_wconf 85' lang='lat' dir='ltr'>cet</span> <span class='ocrx_word' id='word_1_259' title='bbox 300 2413 464 2480; x_wconf 80' lang='lat' dir='ltr'>annitendum,</span> <span class='ocrx_word' id='word_1_260' title='bbox 472 2430 500 2471; x_wconf 90' lang='lat' dir='ltr'>ut</span> <span class='ocrx_word' id='word_1_261' title='bbox 509 2423 534 2472; x_wconf 90' lang='lat' dir='ltr'>iu</span> <span class='ocrx_word' id='word_1_262' title='bbox 543 2423 588 2472; x_wconf 85' lang='lat' dir='ltr'>beo</span> <span class='ocrx_word' id='word_1_263' title='bbox 599 2422 650 2472; x_wconf 81' lang='lat' dir='ltr'>rita</span> <span class='ocrx_word' id='word_1_264' title='bbox 659 2423 768 2471; x_wconf 84' lang='lat' dir='ltr'>virtutem</span> <span class='ocrx_word' id='word_1_265' title='bbox 779 2430 805 2470; x_wconf 89' lang='lat' dir='ltr'>et</span> <span class='ocrx_word' id='word_1_266' title='bbox 814 2423 964 2487; x_wconf 84' lang='lat' dir='ltr'>prudentiam</span> <span class='ocrx_word' id='word_1_267' title='bbox 974 2423 1162 2488; x_wconf 82' lang='lat' dir='ltr'>eapientiamqoo</span> <span class='ocrx_word' id='word_1_268' title='bbox 1171 2437 1256 2472; x_wconf 87' lang='lat' dir='ltr'>oonee·</span> 
     </span>
     <span class='ocr_line' id='line_1_25' title="bbox 159 2501 1252 2568; baseline 0.001 -18"><span class='ocrx_word' id='word_1_269' title='bbox 159 2515 265 2565; x_wconf 83' lang='lat' dir='ltr'>quaeror.</span> <span class='ocrx_word' id='word_1_270' title='bbox 298 2502 424 2551; x_wconf 82' lang='lat' dir='ltr'>Praemium</span> <span class='ocrx_word' id='word_1_271' title='bbox 434 2517 536 2567; x_wconf 81' lang='lat' dir='ltr'>nemque</span> <span class='ocrx_word' id='word_1_272' title='bbox 547 2502 671 2566; x_wconf 84' lang='lat' dir='ltr'>pulchrum</span> <span class='ocrx_word' id='word_1_273' title='bbox 681 2511 726 2558; x_wconf 86' lang='lat' dir='ltr'>eet,</span> <span class='ocrx_word' id='word_1_274' title='bbox 736 2511 762 2551; x_wconf 90' lang='lat' dir='ltr'>et</span> <span class='ocrx_word' id='word_1_275' title='bbox 771 2517 827 2566; x_wconf 85' lang='lat' dir='ltr'>epea</span> <span class='ocrx_word' id='word_1_276' title='bbox 836 2509 874 2550; x_wconf 85' lang='lat' dir='ltr'>eet</span> <span class='ocrx_word' id='word_1_277' title='bbox 889 2503 982 2568; x_wconf 64' lang='lat' dir='ltr'>ingene.</span> <span class='ocrx_word' id='word_1_278' title='bbox 1014 2501 1075 2552; x_wconf 79' lang='lat' dir='ltr'>lieo</span> <span class='ocrx_word' id='word_1_279' title='bbox 1090 2503 1163 2566; x_wconf 72' lang='lat' dir='ltr'>igitur</span> <span class='ocrx_word' id='word_1_280' title='bbox 1177 2517 1208 2552; x_wconf 91' lang='lat' dir='ltr'>eo</span> <span class='ocrx_word' id='word_1_281' title='bbox 1225 2517 1252 2551; x_wconf 88' lang='lat' dir='ltr'>ee</span> 
     </span>
     <span class='ocr_line' id='line_1_26' title="bbox 159 2582 1250 2648; baseline -0.001 -18"><span class='ocrx_word' id='word_1_282' title='bbox 159 2588 231 2645; x_wconf 83' lang='lat' dir='ltr'>pecto</span> <span class='ocrx_word' id='word_1_283' title='bbox 243 2597 336 2647; x_wconf 84' lang='lat' dir='ltr'>prorem</span> <span class='ocrx_word' id='word_1_284' title='bbox 355 2585 450 2645; x_wconf 82' lang='lat' dir='ltr'>bebere,</span> <span class='ocrx_word' id='word_1_285' title='bbox 461 2597 509 2648; x_wconf 91' lang='lat' dir='ltr'>quo</span> <span class='ocrx_word' id='word_1_286' title='bbox 525 2599 571 2646; x_wconf 72' lang='lat' dir='ltr'>ego</span> <span class='ocrx_word' id='word_1_287' title='bbox 588 2582 705 2647; x_wconf 84' lang='lat' dir='ltr'>diepoeui,</span> <span class='ocrx_word' id='word_1_288' title='bbox 715 2598 764 2632; x_wconf 90' lang='lat' dir='ltr'>non</span> <span class='ocrx_word' id='word_1_289' title='bbox 780 2583 850 2632; x_wconf 87' lang='lat' dir='ltr'>decet</span> <span class='ocrx_word' id='word_1_290' title='bbox 861 2583 934 2632; x_wconf 81' lang='lat' dir='ltr'>uirum</span> <span class='ocrx_word' id='word_1_291' title='bbox 949 2597 1013 2633; x_wconf 78' lang='lat' dir='ltr'>ranae</span> <span class='ocrx_word' id='word_1_292' title='bbox 1028 2582 1115 2632; x_wconf 81' lang='lat' dir='ltr'>ruentia</span> <span class='ocrx_word' id='word_1_293' title='bbox 1133 2596 1250 2632; x_wconf 77' lang='lat' dir='ltr'>uterere:</span> 
     </span>
     <span class='ocr_line' id='line_1_27' title="bbox 158 2661 1252 2726; baseline -0.001 -16"><span class='ocrx_word' id='word_1_294' title='bbox 158 2676 210 2710; x_wconf 85' lang='lat' dir='ltr'>eree</span> <span class='ocrx_word' id='word_1_295' title='bbox 219 2669 298 2712; x_wconf 70' lang='lat' dir='ltr'>umen</span> <span class='ocrx_word' id='word_1_296' title='bbox 308 2663 346 2712; x_wconf 88' lang='lat' dir='ltr'>rel</span> <span class='ocrx_word' id='word_1_297' title='bbox 358 2665 409 2712; x_wconf 80' lang='lat' dir='ltr'>lunc</span> <span class='ocrx_word' id='word_1_298' title='bbox 420 2663 458 2712; x_wconf 86' lang='lat' dir='ltr'>rel</span> <span class='ocrx_word' id='word_1_299' title='bbox 469 2663 527 2712; x_wconf 81' lang='lat' dir='ltr'>talia</span> <span class='ocrx_word' id='word_1_300' title='bbox 537 2664 646 2726; x_wconf 80' lang='lat' dir='ltr'>quaedem</span> <span class='ocrx_word' id='word_1_301' title='bbox 657 2663 719 2712; x_wconf 84' lang='lat' dir='ltr'>circe</span> <span class='ocrx_word' id='word_1_302' title='bbox 729 2663 820 2710; x_wconf 79' lang='lat' dir='ltr'>animoa</span> <span class='ocrx_word' id='word_1_303' title='bbox 835 2670 927 2712; x_wconf 86' lang='lat' dir='ltr'>noetroe</span> <span class='ocrx_word' id='word_1_304' title='bbox 942 2677 1069 2726; x_wconf 80' lang='lat' dir='ltr'>conumque</span> <span class='ocrx_word' id='word_1_305' title='bbox 1086 2661 1252 2717; x_wconf 83' lang='lat' dir='ltr'>habitatiouee,</span> 
     </span>
     <span class='ocr_line' id='line_1_28' title="bbox 158 2739 1252 2808; baseline -0.002 -19"><span class='ocrx_word' id='word_1_306' title='bbox 158 2743 352 2808; x_wconf 83' lang='lat' dir='ltr'>quandoquidem</span> <span class='ocrx_word' id='word_1_307' title='bbox 363 2743 454 2792; x_wconf 83' lang='lat' dir='ltr'>animur</span> <span class='ocrx_word' id='word_1_308' title='bbox 462 2743 514 2807; x_wconf 83' lang='lat' dir='ltr'>ipre</span> <span class='ocrx_word' id='word_1_309' title='bbox 522 2742 661 2792; x_wconf 82' lang='lat' dir='ltr'>immortalia</span> <span class='ocrx_word' id='word_1_310' title='bbox 672 2751 779 2808; x_wconf 82' lang='lat' dir='ltr'>apparet.</span> <span class='ocrx_word' id='word_1_311' title='bbox 790 2749 816 2791; x_wconf 88' lang='lat' dir='ltr'>et</span> <span class='ocrx_word' id='word_1_312' title='bbox 833 2743 917 2791; x_wconf 78' lang='lat' dir='ltr'>decere</span> <span class='ocrx_word' id='word_1_313' title='bbox 933 2741 990 2790; x_wconf 82' lang='lat' dir='ltr'>ruilri</span> <span class='ocrx_word' id='word_1_314' title='bbox 999 2741 1100 2803; x_wconf 82' lang='lat' dir='ltr'>ridetur,</span> <span class='ocrx_word' id='word_1_315' title='bbox 1110 2748 1135 2790; x_wconf 88' lang='lat' dir='ltr'>et</span> <span class='ocrx_word' id='word_1_316' title='bbox 1144 2739 1252 2804; x_wconf 73' lang='lat' dir='ltr'>dignum,</span> 
     </span>
     <span class='ocr_line' id='line_1_29' title="bbox 158 2820 1253 2892; baseline 0 -24"><span class='ocrx_word' id='word_1_317' title='bbox 158 2822 227 2885; x_wconf 80' lang='lat' dir='ltr'>queri</span> <span class='ocrx_word' id='word_1_318' title='bbox 245 2821 404 2884; x_wconf 67' lang='lat' dir='ltr'>pericuum</span> <span class='ocrx_word' id='word_1_319' title='bbox 417 2824 452 2872; x_wconf 89' lang='lat' dir='ltr'>ite</span> <span class='ocrx_word' id='word_1_320' title='bbox 466 2822 606 2892; x_wconf 76' lang='lat' dir='ltr'>exietimere.</span> <span class='ocrx_word' id='word_1_321' title='bbox 622 2823 747 2871; x_wconf 87' lang='lat' dir='ltr'>bonertum</span> <span class='ocrx_word' id='word_1_322' title='bbox 763 2822 826 2872; x_wconf 85' lang='lat' dir='ltr'>eninr</span> <span class='ocrx_word' id='word_1_323' title='bbox 846 2821 974 2885; x_wconf 83' lang='lat' dir='ltr'>periculum</span> <span class='ocrx_word' id='word_1_324' title='bbox 985 2828 1035 2882; x_wconf 82' lang='lat' dir='ltr'>eet;</span> <span class='ocrx_word' id='word_1_325' title='bbox 1051 2820 1253 2884; x_wconf 80' lang='lat' dir='ltr'>oportetquelroe</span> 
     </span>
     <span class='ocr_line' id='line_1_30' title="bbox 157 2899 1253 2967; baseline -0.001 -19"><span class='ocrx_word' id='word_1_326' title='bbox 157 2901 227 2964; x_wconf 87' lang='lat' dir='ltr'>quari</span> <span class='ocrx_word' id='word_1_327' title='bbox 236 2902 340 2950; x_wconf 83' lang='lat' dir='ltr'>carmine</span> <span class='ocrx_word' id='word_1_328' title='bbox 349 2903 457 2967; x_wconf 75' lang='lat' dir='ltr'>quedem</span> <span class='ocrx_word' id='word_1_329' title='bbox 469 2917 588 2967; x_wconf 81' lang='lat' dir='ltr'>magorum</span> <span class='ocrx_word' id='word_1_330' title='bbox 599 2903 645 2951; x_wconf 86' lang='lat' dir='ltr'>ritu</span> <span class='ocrx_word' id='word_1_331' title='bbox 656 2903 774 2952; x_wconf 72' lang='lat' dir='ltr'>urentibus</span> <span class='ocrx_word' id='word_1_332' title='bbox 790 2902 875 2952; x_wconf 73' lang='lat' dir='ltr'>uoenle</span> <span class='ocrx_word' id='word_1_333' title='bbox 890 2901 1024 2951; x_wconf 74' lang='lat' dir='ltr'>infundere.</span> <span class='ocrx_word' id='word_1_334' title='bbox 1039 2899 1189 2964; x_wconf 75' lang='lat' dir='ltr'>quemobrem</span> <span class='ocrx_word' id='word_1_335' title='bbox 1199 2899 1253 2963; x_wconf 87' lang='lat' dir='ltr'>ipee</span> 
     </span>
     <span class='ocr_line' id='line_1_31' title="bbox 156 2979 1253 3047; baseline -0.001 -18"><span class='ocrx_word' id='word_1_336' title='bbox 156 2979 207 3044; x_wconf 83' lang='lat' dir='ltr'>jem</span> <span class='ocrx_word' id='word_1_337' title='bbox 218 2981 260 3030; x_wconf 91' lang='lat' dir='ltr'>diu</span> <span class='ocrx_word' id='word_1_338' title='bbox 271 2983 379 3046; x_wconf 84' lang='lat' dir='ltr'>protraho</span> <span class='ocrx_word' id='word_1_339' title='bbox 389 2983 502 3034; x_wconf 79' lang='lat' dir='ltr'>tabulam.</span> <span class='ocrx_word' id='word_1_340' title='bbox 524 2983 571 3032; x_wconf 81' lang='lat' dir='ltr'>Sed</span> <span class='ocrx_word' id='word_1_341' title='bbox 581 2983 665 3031; x_wconf 82' lang='lat' dir='ltr'>horum</span> <span class='ocrx_word' id='word_1_342' title='bbox 676 2983 750 3047; x_wconf 77' lang='lat' dir='ltr'>gretie</span> <span class='ocrx_word' id='word_1_343' title='bbox 761 2983 846 3031; x_wconf 86' lang='lat' dir='ltr'>bouem</span> <span class='ocrx_word' id='word_1_344' title='bbox 856 2997 922 3046; x_wconf 86' lang='lat' dir='ltr'>rpem</span> <span class='ocrx_word' id='word_1_345' title='bbox 929 2981 961 3030; x_wconf 89' lang='lat' dir='ltr'>de</span> <span class='ocrx_word' id='word_1_346' title='bbox 972 2980 1051 3030; x_wconf 85' lang='lat' dir='ltr'>auimo</span> <span class='ocrx_word' id='word_1_347' title='bbox 1060 2995 1104 3029; x_wconf 88' lang='lat' dir='ltr'>ruo</span> <span class='ocrx_word' id='word_1_348' title='bbox 1113 2979 1200 3030; x_wconf 84' lang='lat' dir='ltr'>babere</span> <span class='ocrx_word' id='word_1_349' title='bbox 1210 2979 1253 3028; x_wconf 86' lang='lat' dir='ltr'>de·</span> 
     </span>
     <span class='ocr_line' id='line_1_32' title="bbox 161 3058 1252 3129; baseline -0.005 -17"><span class='ocrx_word' id='word_1_350' title='bbox 161 3061 211 3125; x_wconf 84' lang='lat' dir='ltr'>bet,</span> <span class='ocrx_word' id='word_1_351' title='bbox 220 3062 356 3128; x_wconf 80' lang='lat' dir='ltr'>quicunque</span> <span class='ocrx_word' id='word_1_352' title='bbox 366 3065 527 3129; x_wconf 72' lang='lat' dir='ltr'>voluptatibue</span> <span class='ocrx_word' id='word_1_353' title='bbox 538 3064 728 3128; x_wconf 87' lang='lat' dir='ltr'>ornamentieque</span> <span class='ocrx_word' id='word_1_354' title='bbox 743 3061 847 3125; x_wconf 87' lang='lat' dir='ltr'>corporie</span> <span class='ocrx_word' id='word_1_355' title='bbox 865 3062 989 3126; x_wconf 73' lang='lat' dir='ltr'>neglectis,</span> <span class='ocrx_word' id='word_1_356' title='bbox 1000 3069 1112 3124; x_wconf 87' lang='lat' dir='ltr'>tanquem</span> <span class='ocrx_word' id='word_1_357' title='bbox 1127 3059 1211 3108; x_wconf 80' lang='lat' dir='ltr'>alienia</span> <span class='ocrx_word' id='word_1_358' title='bbox 1220 3058 1252 3107; x_wconf 85' lang='lat' dir='ltr'>ed</span> 
     </span>
     <span class='ocr_line' id='line_1_33' title="bbox 159 3138 1253 3208; baseline -0.001 -19"><span class='ocrx_word' id='word_1_359' title='bbox 159 3140 323 3208; x_wconf 75' lang='lat' dir='ltr'>ditonumque</span> <span class='ocrx_word' id='word_1_360' title='bbox 333 3143 506 3192; x_wconf 80' lang='lat' dir='ltr'>deolbrentlbue</span> <span class='ocrx_word' id='word_1_361' title='bbox 516 3141 660 3204; x_wconf 85' lang='lat' dir='ltr'>roloptetea,</span> <span class='ocrx_word' id='word_1_362' title='bbox 670 3155 724 3204; x_wconf 84' lang='lat' dir='ltr'>quoe</span> <span class='ocrx_word' id='word_1_363' title='bbox 733 3141 760 3188; x_wconf 85' lang='lat' dir='ltr'>in</span> <span class='ocrx_word' id='word_1_364' title='bbox 779 3139 893 3189; x_wconf 83' lang='lat' dir='ltr'>diaoeudo</span> <span class='ocrx_word' id='word_1_365' title='bbox 908 3140 1076 3202; x_wconf 79' lang='lat' dir='ltr'>perm&#39;pinutur.</span> <span class='ocrx_word' id='word_1_366' title='bbox 1086 3138 1191 3188; x_wconf 84' lang='lat' dir='ltr'>etudloee</span> <span class='ocrx_word' id='word_1_367' title='bbox 1201 3153 1253 3188; x_wconf 87' lang='lat' dir='ltr'>reo·</span> 
     </span>
     <span class='ocr_line' id='line_1_34' title="bbox 158 3217 1253 3282; baseline -0.004 -12"><span class='ocrx_word' id='word_1_368' title='bbox 158 3228 221 3270; x_wconf 86' lang='lat' dir='ltr'>tetoe</span> <span class='ocrx_word' id='word_1_369' title='bbox 238 3223 318 3282; x_wconf 76' lang='lat' dir='ltr'>fuerit,</span> <span class='ocrx_word' id='word_1_370' title='bbox 333 3222 484 3282; x_wconf 70' lang='lat' dir='ltr'>animumque</span> <span class='ocrx_word' id='word_1_371' title='bbox 500 3234 549 3266; x_wconf 89' lang='lat' dir='ltr'>nou</span> <span class='ocrx_word' id='word_1_372' title='bbox 565 3219 653 3276; x_wconf 87' lang='lat' dir='ltr'>alieno,</span> <span class='ocrx_word' id='word_1_373' title='bbox 663 3219 706 3281; x_wconf 81' lang='lat' dir='ltr'>red</span> <span class='ocrx_word' id='word_1_374' title='bbox 723 3232 766 3265; x_wconf 89' lang='lat' dir='ltr'>ruo</span> <span class='ocrx_word' id='word_1_375' title='bbox 776 3217 922 3268; x_wconf 74' lang='lat' dir='ltr'>decoraverit</span> <span class='ocrx_word' id='word_1_376' title='bbox 931 3225 1078 3279; x_wconf 86' lang='lat' dir='ltr'>ornamento,</span> <span class='ocrx_word' id='word_1_377' title='bbox 1089 3219 1253 3282; x_wconf 83' lang='lat' dir='ltr'>temperantia,</span> 
     </span>
     <span class='ocr_line' id='line_1_35' title="bbox 154 3296 1253 3365; baseline -0.001 -17"><span class='ocrx_word' id='word_1_378' title='bbox 154 3300 258 3364; x_wconf 74' lang='lat' dir='ltr'>jurum,</span> <span class='ocrx_word' id='word_1_379' title='bbox 268 3299 416 3357; x_wconf 77' lang='lat' dir='ltr'>tortitudine,</span> <span class='ocrx_word' id='word_1_380' title='bbox 425 3299 542 3354; x_wconf 84' lang='lat' dir='ltr'>libertate,</span> <span class='ocrx_word' id='word_1_381' title='bbox 553 3298 667 3360; x_wconf 65' lang='lat' dir='ltr'>reriuup</span> <span class='ocrx_word' id='word_1_382' title='bbox 684 3299 758 3365; x_wconf 79' lang='lat' dir='ltr'>[lio]</span> <span class='ocrx_word' id='word_1_383' title='bbox 775 3296 809 3348; x_wconf 88' lang='lat' dir='ltr'>elc</span> <span class='ocrx_word' id='word_1_384' title='bbox 827 3313 857 3346; x_wconf 83' lang='lat' dir='ltr'>er</span> <span class='ocrx_word' id='word_1_385' title='bbox 867 3299 912 3348; x_wconf 84' lang='lat' dir='ltr'>bac</span> <span class='ocrx_word' id='word_1_386' title='bbox 922 3297 972 3347; x_wconf 87' lang='lat' dir='ltr'>rita</span> <span class='ocrx_word' id='word_1_387' title='bbox 982 3298 1143 3363; x_wconf 70' lang='lat' dir='ltr'>migrationem</span> <span class='ocrx_word' id='word_1_388' title='bbox 1154 3313 1253 3364; x_wconf 75' lang='lat' dir='ltr'>creper-</span> 
     </span>
     <span class='ocr_line' id='line_1_36' title="bbox 156 3377 1254 3444; baseline 0.004 -16"><span class='ocrx_word' id='word_1_389' title='bbox 156 3388 219 3437; x_wconf 83' lang='lat' dir='ltr'>tane,</span> <span class='ocrx_word' id='word_1_390' title='bbox 230 3386 352 3444; x_wconf 78' lang='lat' dir='ltr'>tunquam,</span> <span class='ocrx_word' id='word_1_391' title='bbox 362 3395 417 3429; x_wconf 86' lang='lat' dir='ltr'>corn</span> <span class='ocrx_word' id='word_1_392' title='bbox 427 3380 502 3429; x_wconf 80' lang='lat' dir='ltr'>letum</span> <span class='ocrx_word' id='word_1_393' title='bbox 512 3379 639 3438; x_wconf 78' lang='lat' dir='ltr'>vocaverit,</span> <span class='ocrx_word' id='word_1_394' title='bbox 649 3379 796 3444; x_wconf 70' lang='lat' dir='ltr'>migratnrne.</span> <span class='ocrx_word' id='word_1_395' title='bbox 828 3377 880 3430; x_wconf 84' lang='lat' dir='ltr'>Voe</span> <span class='ocrx_word' id='word_1_396' title='bbox 891 3379 996 3444; x_wconf 82' lang='lat' dir='ltr'>quidem,</span> <span class='ocrx_word' id='word_1_397' title='bbox 1007 3393 1022 3428; x_wconf 91' lang='lat' dir='ltr'>o</span> <span class='ocrx_word' id='word_1_398' title='bbox 1032 3379 1129 3428; x_wconf 85' lang='lat' dir='ltr'>Simmia</span> <span class='ocrx_word' id='word_1_399' title='bbox 1139 3385 1166 3429; x_wconf 89' lang='lat' dir='ltr'>et</span> <span class='ocrx_word' id='word_1_400' title='bbox 1175 3379 1254 3432; x_wconf 79' lang='lat' dir='ltr'>Cobet</span> 
     </span>
     <span class='ocr_line' id='line_1_37' title="bbox 157 3458 1251 3526; baseline 0.002 -18"><span class='ocrx_word' id='word_1_401' title='bbox 157 3458 246 3523; x_wconf 88' lang='lat' dir='ltr'>aliique</span> <span class='ocrx_word' id='word_1_402' title='bbox 256 3466 392 3524; x_wconf 72' lang='lat' dir='ltr'>precentur,</span> <span class='ocrx_word' id='word_1_403' title='bbox 402 3461 428 3509; x_wconf 90' lang='lat' dir='ltr'>in</span> <span class='ocrx_word' id='word_1_404' title='bbox 437 3467 557 3526; x_wconf 87' lang='lat' dir='ltr'>poeteroru</span> <span class='ocrx_word' id='word_1_405' title='bbox 566 3461 670 3525; x_wconf 89' lang='lat' dir='ltr'>quodam</span> <span class='ocrx_word' id='word_1_406' title='bbox 681 3459 706 3509; x_wconf 89' lang='lat' dir='ltr'>iu</span> <span class='ocrx_word' id='word_1_407' title='bbox 716 3467 822 3524; x_wconf 85' lang='lat' dir='ltr'>tempore</span> <span class='ocrx_word' id='word_1_408' title='bbox 831 3460 920 3524; x_wconf 71' lang='lat' dir='ltr'>einguli</span> <span class='ocrx_word' id='word_1_409' title='bbox 929 3459 1130 3525; x_wconf 84' lang='lat' dir='ltr'>tremruigrabitie.</span> <span class='ocrx_word' id='word_1_410' title='bbox 1148 3475 1186 3510; x_wconf 85' lang='lat' dir='ltr'>me</span> <span class='ocrx_word' id='word_1_411' title='bbox 1195 3475 1251 3510; x_wconf 88' lang='lat' dir='ltr'>reru</span> 
     </span>
     <span class='ocr_line' id='line_1_38' title="bbox 158 3540 1251 3607; baseline 0.002 -19"><span class='ocrx_word' id='word_1_412' title='bbox 158 3555 232 3598; x_wconf 85' lang='lat' dir='ltr'>nunc,</span> <span class='ocrx_word' id='word_1_413' title='bbox 243 3541 379 3606; x_wconf 75' lang='lat' dir='ltr'>uttragicue</span> <span class='ocrx_word' id='word_1_414' title='bbox 389 3541 476 3607; x_wconf 81' lang='lat' dir='ltr'>eliquia</span> <span class='ocrx_word' id='word_1_415' title='bbox 485 3542 585 3600; x_wconf 83' lang='lat' dir='ltr'>diecret.</span> <span class='ocrx_word' id='word_1_416' title='bbox 593 3541 644 3606; x_wconf 86' lang='lat' dir='ltr'>jem</span> <span class='ocrx_word' id='word_1_417' title='bbox 652 3549 722 3592; x_wconf 85' lang='lat' dir='ltr'>rooat</span> <span class='ocrx_word' id='word_1_418' title='bbox 732 3540 815 3590; x_wconf 81' lang='lat' dir='ltr'>letum.</span> <span class='ocrx_word' id='word_1_419' title='bbox 825 3555 855 3592; x_wconf 80' lang='lat' dir='ltr'>ao</span> <span class='ocrx_word' id='word_1_420' title='bbox 862 3540 934 3590; x_wconf 77' lang='lat' dir='ltr'>reme</span> <span class='ocrx_word' id='word_1_421' title='bbox 942 3547 1035 3606; x_wconf 87' lang='lat' dir='ltr'>tempor</span> <span class='ocrx_word' id='word_1_422' title='bbox 1043 3542 1160 3602; x_wconf 64' lang='lat' dir='ltr'>eatutad</span> <span class='ocrx_word' id='word_1_423' title='bbox 1170 3541 1251 3590; x_wconf 85' lang='lat' dir='ltr'>ieran-</span> 
     </span>
     <span class='ocr_line' id='line_1_39' title="bbox 159 3621 1295 3688; baseline 0.002 -20"><span class='ocrx_word' id='word_1_424' title='bbox 159 3621 217 3668; x_wconf 86' lang='lat' dir='ltr'>dum</span> <span class='ocrx_word' id='word_1_425' title='bbox 227 3621 349 3672; x_wconf 77' lang='lat' dir='ltr'>divertere.</span> <span class='ocrx_word' id='word_1_426' title='bbox 359 3629 455 3686; x_wconf 67' lang='lat' dir='ltr'>praetat</span> <span class='ocrx_word' id='word_1_427' title='bbox 464 3623 539 3682; x_wconf 82' lang='lat' dir='ltr'>enim,</span> <span class='ocrx_word' id='word_1_428' title='bbox 548 3629 576 3671; x_wconf 93' lang='lat' dir='ltr'>ut</span> <span class='ocrx_word' id='word_1_429' title='bbox 585 3630 654 3688; x_wconf 87' lang='lat' dir='ltr'>puto,</span> <span class='ocrx_word' id='word_1_430' title='bbox 666 3629 720 3688; x_wconf 82' lang='lat' dir='ltr'>poet</span> <span class='ocrx_word' id='word_1_431' title='bbox 728 3621 845 3672; x_wconf 87' lang='lat' dir='ltr'>leraorum</span> <span class='ocrx_word' id='word_1_432' title='bbox 853 3635 970 3671; x_wconf 84' lang='lat' dir='ltr'>venenum</span> <span class='ocrx_word' id='word_1_433' title='bbox 981 3621 1069 3680; x_wconf 83' lang='lat' dir='ltr'>bibere,</span> <span class='ocrx_word' id='word_1_434' title='bbox 1076 3623 1140 3672; x_wconf 88' lang='lat' dir='ltr'>ueiu</span> <span class='ocrx_word' id='word_1_435' title='bbox 1151 3622 1251 3671; x_wconf 79' lang='lat' dir='ltr'>levando</span> <span class='ocrx_word' id='word_1_436' title='bbox 1289 3657 1295 3670; x_wconf 90' lang='lat'>.</span> 
     </span>
     <span class='ocr_line' id='line_1_40' title="bbox 159 3701 1251 3769; baseline -0.001 -19"><span class='ocrx_word' id='word_1_437' title='bbox 159 3701 274 3751; x_wconf 79' lang='lat' dir='ltr'>cadauere</span> <span class='ocrx_word' id='word_1_438' title='bbox 284 3702 414 3752; x_wconf 85' lang='lat' dir='ltr'>ruoieetieru</span> <span class='ocrx_word' id='word_1_439' title='bbox 423 3704 558 3754; x_wconf 85' lang='lat' dir='ltr'>mulieribue</span> <span class='ocrx_word' id='word_1_440' title='bbox 566 3705 718 3769; x_wconf 77' lang='lat' dir='ltr'>praebeamur·</span> <span class='ocrx_word' id='word_1_441' title='bbox 735 3701 798 3752; x_wconf 87' lang='lat' dir='ltr'>Corn</span> <span class='ocrx_word' id='word_1_442' title='bbox 805 3704 856 3752; x_wconf 76' lang='lat' dir='ltr'>beo</span> <span class='ocrx_word' id='word_1_443' title='bbox 865 3701 961 3751; x_wconf 81' lang='lat' dir='ltr'>dirieeet</span> <span class='ocrx_word' id='word_1_444' title='bbox 966 3701 1084 3766; x_wconf 74' lang='lat' dir='ltr'>Socrateq</span> <span class='ocrx_word' id='word_1_445' title='bbox 1094 3701 1161 3752; x_wconf 81' lang='lat' dir='ltr'>Crito</span> <span class='ocrx_word' id='word_1_446' title='bbox 1172 3703 1207 3751; x_wconf 86' lang='lat' dir='ltr'>ric</span> <span class='ocrx_word' id='word_1_447' title='bbox 1215 3703 1251 3749; x_wconf 90' lang='lat' dir='ltr'>in·</span> 
     </span>
     <span class='ocr_line' id='line_1_41' title="bbox 156 3779 1252 3848; baseline 0.001 -19"><span class='ocrx_word' id='word_1_448' title='bbox 156 3779 223 3844; x_wconf 75' lang='lat' dir='ltr'>quite</span> <span class='ocrx_word' id='word_1_449' title='bbox 235 3779 284 3831; x_wconf 83' lang='lat' dir='ltr'>Die</span> <span class='ocrx_word' id='word_1_450' title='bbox 290 3796 344 3846; x_wconf 77' lang='lat' dir='ltr'>age,</span> <span class='ocrx_word' id='word_1_451' title='bbox 352 3799 367 3831; x_wconf 91' lang='lat' dir='ltr'>o</span> <span class='ocrx_word' id='word_1_452' title='bbox 375 3783 492 3840; x_wconf 77' lang='lat' dir='ltr'>Souratee,</span> <span class='ocrx_word' id='word_1_453' title='bbox 502 3785 615 3848; x_wconf 85' lang='lat' dir='ltr'>quidueru</span> <span class='ocrx_word' id='word_1_454' title='bbox 624 3785 660 3833; x_wconf 91' lang='lat' dir='ltr'>bie</span> <span class='ocrx_word' id='word_1_455' title='bbox 668 3791 710 3834; x_wconf 89' lang='lat' dir='ltr'>aot</span> <span class='ocrx_word' id='word_1_456' title='bbox 717 3783 776 3832; x_wconf 85' lang='lat' dir='ltr'>mibi</span> <span class='ocrx_word' id='word_1_457' title='bbox 783 3783 881 3834; x_wconf 83' lang='lat' dir='ltr'>mendae</span> <span class='ocrx_word' id='word_1_458' title='bbox 890 3781 1007 3846; x_wconf 75' lang='lat' dir='ltr'>agendum</span> <span class='ocrx_word' id='word_1_459' title='bbox 1017 3781 1054 3831; x_wconf 86' lang='lat' dir='ltr'>rei</span> <span class='ocrx_word' id='word_1_460' title='bbox 1061 3797 1116 3845; x_wconf 75' lang='lat' dir='ltr'>erge</span> <span class='ocrx_word' id='word_1_461' title='bbox 1127 3780 1188 3830; x_wconf 80' lang='lat' dir='ltr'>diioe</span> <span class='ocrx_word' id='word_1_462' title='bbox 1196 3788 1252 3830; x_wconf 88' lang='lat' dir='ltr'>tuoe</span> 
     </span>
     <span class='ocr_line' id='line_1_42' title="bbox 160 3859 1250 3929; baseline 0.001 -22"><span class='ocrx_word' id='word_1_463' title='bbox 160 3860 198 3910; x_wconf 87' lang='lat' dir='ltr'>rel</span> <span class='ocrx_word' id='word_1_464' title='bbox 210 3859 271 3911; x_wconf 86' lang='lat' dir='ltr'>circa</span> <span class='ocrx_word' id='word_1_465' title='bbox 280 3863 375 3912; x_wconf 83' lang='lat' dir='ltr'>cetera?</span> <span class='ocrx_word' id='word_1_466' title='bbox 392 3863 480 3927; x_wconf 81' lang='lat' dir='ltr'>quidve</span> <span class='ocrx_word' id='word_1_467' title='bbox 490 3865 583 3927; x_wconf 79' lang='lat' dir='ltr'>agendo</span> <span class='ocrx_word' id='word_1_468' title='bbox 594 3865 695 3914; x_wconf 83' lang='lat' dir='ltr'>maxine</span> <span class='ocrx_word' id='word_1_469' title='bbox 711 3865 756 3914; x_wconf 88' lang='lat' dir='ltr'>tibi</span> <span class='ocrx_word' id='word_1_470' title='bbox 772 3871 861 3929; x_wconf 73' lang='lat' dir='ltr'>greum</span> <span class='ocrx_word' id='word_1_471' title='bbox 879 3861 1034 3910; x_wconf 74' lang='lat' dir='ltr'>fecerimuei·</span> <span class='ocrx_word' id='word_1_472' title='bbox 1052 3861 1120 3909; x_wconf 82' lang='lat' dir='ltr'>Nihil</span> <span class='ocrx_word' id='word_1_473' title='bbox 1131 3861 1250 3925; x_wconf 85' lang='lat' dir='ltr'>equidem,</span> 
     </span>
     <span class='ocr_line' id='line_1_43' title="bbox 158 3938 1249 4010; baseline 0.001 -22"><span class='ocrx_word' id='word_1_474' title='bbox 158 3938 246 4003; x_wconf 81' lang='lat' dir='ltr'>inquit,</span> <span class='ocrx_word' id='word_1_475' title='bbox 255 3942 310 3992; x_wconf 90' lang='lat' dir='ltr'>nori</span> <span class='ocrx_word' id='word_1_476' title='bbox 322 3942 444 4006; x_wconf 80' lang='lat' dir='ltr'>precipio,</span> <span class='ocrx_word' id='word_1_477' title='bbox 454 3943 496 3991; x_wconf 90' lang='lat' dir='ltr'>eed</span> <span class='ocrx_word' id='word_1_478' title='bbox 507 3944 572 4008; x_wconf 89' lang='lat' dir='ltr'>quod</span> <span class='ocrx_word' id='word_1_479' title='bbox 583 3959 676 4010; x_wconf 85' lang='lat' dir='ltr'>eemper</span> <span class='ocrx_word' id='word_1_480' title='bbox 688 3945 755 3994; x_wconf 75' lang='lat' dir='ltr'>robis</span> <span class='ocrx_word' id='word_1_481' title='bbox 764 3944 877 4009; x_wconf 72' lang='lat' dir='ltr'>predico,</span> <span class='ocrx_word' id='word_1_482' title='bbox 887 3941 999 3992; x_wconf 81' lang='lat' dir='ltr'>videlieet</span> <span class='ocrx_word' id='word_1_483' title='bbox 1006 3941 1026 3990; x_wconf 88' lang='lat' dir='ltr'>ei</span> <span class='ocrx_word' id='word_1_484' title='bbox 1037 3941 1106 3990; x_wconf 83' lang='lat' dir='ltr'>reetri</span> <span class='ocrx_word' id='word_1_485' title='bbox 1115 3955 1194 3989; x_wconf 84' lang='lat' dir='ltr'>eorem</span> <span class='ocrx_word' id='word_1_486' title='bbox 1206 3941 1249 3989; x_wconf 89' lang='lat' dir='ltr'>ba·</span> 
     </span>
     <span class='ocr_line' id='line_1_44' title="bbox 159 4019 1250 4089; baseline 0.002 -21"><span class='ocrx_word' id='word_1_487' title='bbox 159 4019 253 4080; x_wconf 83' lang='lat' dir='ltr'>bebitie,</span> <span class='ocrx_word' id='word_1_488' title='bbox 263 4028 288 4071; x_wconf 91' lang='lat' dir='ltr'>et</span> <span class='ocrx_word' id='word_1_489' title='bbox 297 4023 355 4072; x_wconf 82' lang='lat' dir='ltr'>mibi</span> <span class='ocrx_word' id='word_1_490' title='bbox 364 4029 390 4071; x_wconf 91' lang='lat' dir='ltr'>et</span> <span class='ocrx_word' id='word_1_491' title='bbox 399 4023 467 4071; x_wconf 90' lang='lat' dir='ltr'>robie</span> <span class='ocrx_word' id='word_1_492' title='bbox 477 4022 534 4086; x_wconf 84' lang='lat' dir='ltr'>ipeie</span> <span class='ocrx_word' id='word_1_493' title='bbox 545 4031 610 4087; x_wconf 72' lang='lat' dir='ltr'>grate</span> <span class='ocrx_word' id='word_1_494' title='bbox 620 4025 733 4082; x_wconf 85' lang='lat' dir='ltr'>eradent,</span> <span class='ocrx_word' id='word_1_495' title='bbox 743 4037 892 4089; x_wconf 68' lang='lat' dir='ltr'>quecunque</span> <span class='ocrx_word' id='word_1_496' title='bbox 901 4021 1013 4084; x_wconf 76' lang='lat' dir='ltr'>leocritia,</span> <span class='ocrx_word' id='word_1_497' title='bbox 1023 4021 1113 4070; x_wconf 81' lang='lat' dir='ltr'>etiemei</span> <span class='ocrx_word' id='word_1_498' title='bbox 1124 4035 1188 4070; x_wconf 89' lang='lat' dir='ltr'>nouo</span> <span class='ocrx_word' id='word_1_499' title='bbox 1198 4035 1250 4070; x_wconf 85' lang='lat' dir='ltr'>ror·</span> 
     </span>
     <span class='ocr_line' id='line_1_45' title="bbox 159 4097 1250 4168; baseline 0.004 -22"><span class='ocrx_word' id='word_1_500' title='bbox 159 4097 197 4146; x_wconf 82' lang='lat' dir='ltr'>bie</span> <span class='ocrx_word' id='word_1_501' title='bbox 211 4115 260 4148; x_wconf 85' lang='lat' dir='ltr'>nou</span> <span class='ocrx_word' id='word_1_502' title='bbox 277 4101 423 4152; x_wconf 84' lang='lat' dir='ltr'>oonoedetie.</span> <span class='ocrx_word' id='word_1_503' title='bbox 439 4109 530 4150; x_wconf 81' lang='lat' dir='ltr'>atvero</span> <span class='ocrx_word' id='word_1_504' title='bbox 548 4101 568 4150; x_wconf 86' lang='lat' dir='ltr'>el</span> <span class='ocrx_word' id='word_1_505' title='bbox 578 4117 621 4150; x_wconf 89' lang='lat' dir='ltr'>roe</span> <span class='ocrx_word' id='word_1_506' title='bbox 636 4103 701 4167; x_wconf 86' lang='lat' dir='ltr'>ipeor</span> <span class='ocrx_word' id='word_1_507' title='bbox 719 4103 877 4168; x_wconf 77' lang='lat' dir='ltr'>neglexeritie,</span> <span class='ocrx_word' id='word_1_508' title='bbox 887 4102 995 4152; x_wconf 81' lang='lat' dir='ltr'>nolenter</span> <span class='ocrx_word' id='word_1_509' title='bbox 1005 4101 1135 4150; x_wconf 84' lang='lat' dir='ltr'>eeouuduur</span> <span class='ocrx_word' id='word_1_510' title='bbox 1145 4115 1183 4159; x_wconf 83' lang='lat' dir='ltr'>ea,</span> <span class='ocrx_word' id='word_1_511' title='bbox 1193 4115 1250 4165; x_wconf 73' lang='lat' dir='ltr'>qu·</span> 
     </span>
     <span class='ocr_line' id='line_1_46' title="bbox 159 4180 1250 4249; baseline 0.003 -23"><span class='ocrx_word' id='word_1_512' title='bbox 159 4194 224 4228; x_wconf 88' lang='lat' dir='ltr'>nune</span> <span class='ocrx_word' id='word_1_513' title='bbox 233 4187 259 4229; x_wconf 89' lang='lat' dir='ltr'>et</span> <span class='ocrx_word' id='word_1_514' title='bbox 268 4182 382 4246; x_wconf 84' lang='lat' dir='ltr'>eupcriori</span> <span class='ocrx_word' id='word_1_515' title='bbox 392 4191 498 4248; x_wconf 84' lang='lat' dir='ltr'>tempore</span> <span class='ocrx_word' id='word_1_516' title='bbox 507 4182 573 4232; x_wconf 88' lang='lat' dir='ltr'>diota</span> <span class='ocrx_word' id='word_1_517' title='bbox 582 4190 645 4240; x_wconf 86' lang='lat' dir='ltr'>ruut,</span> <span class='ocrx_word' id='word_1_518' title='bbox 656 4183 723 4247; x_wconf 86' lang='lat' dir='ltr'>quari</span> <span class='ocrx_word' id='word_1_519' title='bbox 735 4199 777 4247; x_wconf 88' lang='lat' dir='ltr'>per</span> <span class='ocrx_word' id='word_1_520' title='bbox 787 4184 886 4249; x_wconf 74' lang='lat' dir='ltr'>reetigia</span> <span class='ocrx_word' id='word_1_521' title='bbox 891 4185 963 4234; x_wconf 83' lang='lat' dir='ltr'>ritem</span> <span class='ocrx_word' id='word_1_522' title='bbox 973 4180 1146 4248; x_wconf 79' lang='lat' dir='ltr'>dirigere,nibii</span> <span class='ocrx_word' id='word_1_523' title='bbox 1156 4197 1250 4246; x_wconf 79' lang='lat' dir='ltr'>pronun</span> 
     </span>
     <span class='ocr_line' id='line_1_47' title="bbox 159 4257 1249 4327; baseline 0.004 -20"><span class='ocrx_word' id='word_1_524' title='bbox 159 4257 294 4323; x_wconf 81' lang='lat' dir='ltr'>perficietie,</span> <span class='ocrx_word' id='word_1_525' title='bbox 305 4261 349 4309; x_wconf 81' lang='lat' dir='ltr'>etei</span> <span class='ocrx_word' id='word_1_526' title='bbox 361 4262 434 4312; x_wconf 83' lang='lat' dir='ltr'>multa</span> <span class='ocrx_word' id='word_1_527' title='bbox 441 4262 509 4311; x_wconf 87' lang='lat' dir='ltr'>nobie</span> <span class='ocrx_word' id='word_1_528' title='bbox 519 4277 583 4312; x_wconf 86' lang='lat' dir='ltr'>nuno</span> <span class='ocrx_word' id='word_1_529' title='bbox 593 4263 768 4327; x_wconf 84' lang='lat' dir='ltr'>dirputautibur</span> <span class='ocrx_word' id='word_1_530' title='bbox 777 4263 922 4314; x_wconf 84' lang='lat' dir='ltr'>conoedatie.</span> <span class='ocrx_word' id='word_1_531' title='bbox 937 4271 941 4280; x_wconf 65' lang='lat'>¹</span> <span class='ocrx_word' id='word_1_532' title='bbox 954 4262 1004 4313; x_wconf 85' lang='lat' dir='ltr'>lete</span> <span class='ocrx_word' id='word_1_533' title='bbox 1013 4262 1119 4326; x_wconf 84' lang='lat' dir='ltr'>quiden,</span> <span class='ocrx_word' id='word_1_534' title='bbox 1129 4261 1163 4311; x_wconf 89' lang='lat' dir='ltr'>eit</span> <span class='ocrx_word' id='word_1_535' title='bbox 1173 4262 1249 4320; x_wconf 87' lang='lat' dir='ltr'>Crito,</span> 
     </span>
     <span class='ocr_line' id='line_1_48' title="bbox 159 4338 1249 4408; baseline 0.003 -21"><span class='ocrx_word' id='word_1_536' title='bbox 159 4352 222 4387; x_wconf 76' lang='lat' dir='ltr'>curn</span> <span class='ocrx_word' id='word_1_537' title='bbox 232 4338 302 4388; x_wconf 78' lang='lat' dir='ltr'>nonu</span> <span class='ocrx_word' id='word_1_538' title='bbox 310 4349 387 4391; x_wconf 86' lang='lat' dir='ltr'>eruut.</span> <span class='ocrx_word' id='word_1_539' title='bbox 402 4343 444 4392; x_wconf 84' lang='lat' dir='ltr'>ned</span> <span class='ocrx_word' id='word_1_540' title='bbox 454 4343 652 4408; x_wconf 85' lang='lat' dir='ltr'>quemadmodum</span> <span class='ocrx_word' id='word_1_541' title='bbox 663 4342 758 4407; x_wconf 77' lang='lat' dir='ltr'>repoliri</span> <span class='ocrx_word' id='word_1_542' title='bbox 769 4351 793 4392; x_wconf 81' lang='lat' dir='ltr'>ue</span> <span class='ocrx_word' id='word_1_543' title='bbox 808 4342 900 4407; x_wconf 81' lang='lat' dir='ltr'>juberi</span> <span class='ocrx_word' id='word_1_544' title='bbox 933 4342 1070 4408; x_wconf 82' lang='lat' dir='ltr'>Utcunque,</span> <span class='ocrx_word' id='word_1_545' title='bbox 1080 4343 1166 4406; x_wconf 86' lang='lat' dir='ltr'>inquit,</span> <span class='ocrx_word' id='word_1_546' title='bbox 1177 4343 1249 4392; x_wconf 82' lang='lat' dir='ltr'>iibere</span> 
     </span>
     <span class='ocr_line' id='line_1_49' title="bbox 159 4418 1251 4489; baseline 0.006 -24"><span class='ocrx_word' id='word_1_547' title='bbox 159 4418 178 4465; x_wconf 91' lang='lat' dir='ltr'>ei</span> <span class='ocrx_word' id='word_1_548' title='bbox 191 4424 269 4468; x_wconf 87' lang='lat' dir='ltr'>tamen</span> <span class='ocrx_word' id='word_1_549' title='bbox 280 4435 317 4470; x_wconf 85' lang='lat' dir='ltr'>rue</span> <span class='ocrx_word' id='word_1_550' title='bbox 327 4425 518 4486; x_wconf 78' lang='lat' dir='ltr'>apprehenderit,</span> <span class='ocrx_word' id='word_1_551' title='bbox 528 4441 557 4474; x_wconf 88' lang='lat' dir='ltr'>ac</span> <span class='ocrx_word' id='word_1_552' title='bbox 568 4424 614 4474; x_wconf 84' lang='lat' dir='ltr'>ulei</span> <span class='ocrx_word' id='word_1_553' title='bbox 624 4439 669 4488; x_wconf 75' lang='lat' dir='ltr'>ego</span> <span class='ocrx_word' id='word_1_554' title='bbox 680 4437 722 4472; x_wconf 87' lang='lat' dir='ltr'>roe</span> <span class='ocrx_word' id='word_1_555' title='bbox 732 4422 846 4489; x_wconf 74' lang='lat' dir='ltr'>effugere.</span> <span class='ocrx_word' id='word_1_556' title='bbox 877 4421 910 4470; x_wconf 81' lang='lat' dir='ltr'>Et</span> <span class='ocrx_word' id='word_1_557' title='bbox 919 4423 987 4472; x_wconf 78' lang='lat' dir='ltr'>timul</span> <span class='ocrx_word' id='word_1_558' title='bbox 997 4424 1129 4482; x_wconf 88' lang='lat' dir='ltr'>eubridene,</span> <span class='ocrx_word' id='word_1_559' title='bbox 1138 4424 1199 4472; x_wconf 87' lang='lat' dir='ltr'>elad</span> <span class='ocrx_word' id='word_1_560' title='bbox 1208 4437 1251 4472; x_wconf 90' lang='lat' dir='ltr'>noe</span> 
     </span>
     <span class='ocr_line' id='line_1_50' title="bbox 159 4499 1251 4572; baseline 0.005 -26"><span class='ocrx_word' id='word_1_561' title='bbox 159 4512 294 4566; x_wconf 86' lang='lat' dir='ltr'>ouercreue,</span> <span class='ocrx_word' id='word_1_562' title='bbox 311 4499 368 4552; x_wconf 80' lang='lat' dir='ltr'>uon</span> <span class='ocrx_word' id='word_1_563' title='bbox 379 4507 520 4569; x_wconf 84' lang='lat' dir='ltr'>pereuadeo,</span> <span class='ocrx_word' id='word_1_564' title='bbox 530 4506 616 4572; x_wconf 85' lang='lat' dir='ltr'>iuquit,</span> <span class='ocrx_word' id='word_1_565' title='bbox 628 4504 731 4572; x_wconf 84' lang='lat' dir='ltr'>Critoni,</span> <span class='ocrx_word' id='word_1_566' title='bbox 741 4519 839 4556; x_wconf 81' lang='lat' dir='ltr'>noerae</span> <span class='ocrx_word' id='word_1_567' title='bbox 850 4504 914 4554; x_wconf 86' lang='lat' dir='ltr'>buno</span> <span class='ocrx_word' id='word_1_568' title='bbox 924 4503 1053 4564; x_wconf 68' lang='lat' dir='ltr'>Souatem</span> <span class='ocrx_word' id='word_1_569' title='bbox 1064 4504 1106 4568; x_wconf 90' lang='lat' dir='ltr'>qui</span> <span class='ocrx_word' id='word_1_570' title='bbox 1124 4519 1188 4554; x_wconf 82' lang='lat' dir='ltr'>nuno</span> <span class='ocrx_word' id='word_1_571' title='bbox 1201 4503 1251 4554; x_wconf 89' lang='lat' dir='ltr'>die·</span> 
     </span>
    </p>
   </div>
   <div class='ocr_carea' id='block_1_6' title="bbox 0 0 1580 5316">
    <p class='ocr_par' dir='ltr' id='par_1_6' title="bbox 0 0 1580 5316">
     <span class='ocr_line' id='line_1_51' title="bbox 0 0 1580 5316; baseline 0 1"><span class='ocrx_word' id='word_1_572' title='bbox 0 0 1580 5316; x_wconf 95' lang='lat' dir='ltr'> </span> 
     </span>
    </p>
   </div>
  </div>
 </body>
</html>
