<?xml version="1.0" encoding="UTF-8"?>
<!DOCTYPE html PUBLIC "-//W3C//DTD XHTML 1.0 Transitional//EN"
    "http://www.w3.org/TR/xhtml1/DTD/xhtml1-transitional.dtd">
<html xmlns="http://www.w3.org/1999/xhtml" xml:lang="en" lang="en">
 <head>
  <title>
</title>
<meta http-equiv="Content-Type" content="text/html;charset=utf-8" />
  <meta name='ocr-system' content='tesseract 3.04.00' />
  <meta name='ocr-capabilities' content='ocr_page ocr_carea ocr_par ocr_line ocrx_word'/>
</head>
<body>
  <div class='ocr_page' id='page_1' title='image "./platonisetquaev06bekkgoog_0120.png"; bbox 0 0 3146 5316; ppageno 0'>
   <div class='ocr_carea' id='block_1_1' title="bbox 125 528 1222 610">
    <p class='ocr_par' dir='ltr' id='par_1_1' title="bbox 125 528 1222 610">
     <span class='ocr_line' id='line_1_1' title="bbox 125 528 1222 610; baseline 0.004 -16"><span class='ocrx_word' id='word_1_1' title='bbox 125 531 196 610; x_wconf 77' lang='lat' dir='ltr'><strong>ns]</strong></span> <span class='ocrx_word' id='word_1_2' title='bbox 418 529 617 593; x_wconf 73' lang='lat' dir='ltr'><strong>mironis</strong></span> <span class='ocrx_word' id='word_1_3' title='bbox 639 528 923 595; x_wconf 80' lang='lat' dir='ltr'><strong>rnnnnrnnns.</strong></span> <span class='ocrx_word' id='word_1_4' title='bbox 1164 542 1222 601; x_wconf 83' lang='lat' dir='ltr'><strong>ror</strong></span> 
     </span>
    </p>
   </div>
   <div class='ocr_carea' id='block_1_2' title="bbox 111 685 1271 3252">
    <p class='ocr_par' dir='ltr' id='par_1_2' title="bbox 111 685 1271 3252">
     <span class='ocr_line' id='line_1_2' title="bbox 120 685 1271 752; baseline 0.005 -16"><span class='ocrx_word' id='word_1_5' title='bbox 120 693 192 744; x_wconf 85' lang='lat' dir='ltr'><strong>certe,</strong></span> <span class='ocrx_word' id='word_1_6' title='bbox 202 685 350 752; x_wconf 79' lang='lat' dir='ltr'><strong>rerpondlrse</strong></span> <span class='ocrx_word' id='word_1_7' title='bbox 359 685 487 740; x_wconf 84' lang='lat' dir='ltr'><strong>Zenonem.</strong></span> <span class='ocrx_word' id='word_1_8' title='bbox 520 685 619 750; x_wconf 85' lang='lat' dir='ltr'><strong>Nonne,</strong></span> <span class='ocrx_word' id='word_1_9' title='bbox 635 685 655 736; x_wconf 87' lang='lat' dir='ltr'><strong>si</strong></span> <span class='ocrx_word' id='word_1_10' title='bbox 670 685 817 751; x_wconf 86' lang='lat' dir='ltr'><strong>impossibile</strong></span> <span class='ocrx_word' id='word_1_11' title='bbox 833 696 878 746; x_wconf 87' lang='lat' dir='ltr'><strong>eet,</strong></span> <span class='ocrx_word' id='word_1_12' title='bbox 894 687 1018 739; x_wconf 79' lang='lat' dir='ltr'><strong>dlsslmilis</strong></span> <span class='ocrx_word' id='word_1_13' title='bbox 1032 688 1118 744; x_wconf 80' lang='lat' dir='ltr'><strong>rtnttts</strong></span> <span class='ocrx_word' id='word_1_14' title='bbox 1135 701 1224 747; x_wconf 83' lang='lat' dir='ltr'><strong>esseet</strong></span> <span class='ocrx_word' id='word_1_15' title='bbox 1261 708 1271 726; x_wconf 82' lang='lat'><strong><em>¹</em></strong></span> 
     </span>
     <span class='ocr_line' id='line_1_3' title="bbox 119 765 1223 836; baseline 0.006 -20"><span class='ocrx_word' id='word_1_16' title='bbox 119 767 205 816; x_wconf 82' lang='lat' dir='ltr'><strong>similis</strong></span> <span class='ocrx_word' id='word_1_17' title='bbox 215 767 342 824; x_wconf 78' lang='lat' dir='ltr'><strong>dimimilis,</strong></span> <span class='ocrx_word' id='word_1_18' title='bbox 360 765 507 832; x_wconf 85' lang='lat' dir='ltr'><strong>impossibile</strong></span> <span class='ocrx_word' id='word_1_19' title='bbox 518 767 600 824; x_wconf 73' lang='lat' dir='ltr'><strong>susm,</strong></span> <span class='ocrx_word' id='word_1_20' title='bbox 618 766 692 816; x_wconf 85' lang='lat' dir='ltr'><strong>mults</strong></span> <span class='ocrx_word' id='word_1_21' title='bbox 702 767 771 816; x_wconf 85' lang='lat' dir='ltr'><strong>essel</strong></span> <span class='ocrx_word' id='word_1_22' title='bbox 787 783 842 816; x_wconf 80' lang='lat' dir='ltr'><strong>nem</strong></span> <span class='ocrx_word' id='word_1_23' title='bbox 854 767 874 816; x_wconf 90' lang='lat' dir='ltr'><strong>sl</strong></span> <span class='ocrx_word' id='word_1_24' title='bbox 885 768 958 817; x_wconf 85' lang='lat' dir='ltr'><strong>mults</strong></span> <span class='ocrx_word' id='word_1_25' title='bbox 966 776 1055 826; x_wconf 74' lang='lat' dir='ltr'><strong>essem,</strong></span> <span class='ocrx_word' id='word_1_26' title='bbox 1066 770 1223 836; x_wconf 85' lang='lat' dir='ltr'><strong>impossibilis</strong></span> 
     </span>
     <span class='ocr_line' id='line_1_4' title="bbox 118 846 1221 916; baseline 0.004 -21"><span class='ocrx_word' id='word_1_27' title='bbox 118 847 164 896; x_wconf 84' lang='lat' dir='ltr'><strong>ists</strong></span> <span class='ocrx_word' id='word_1_28' title='bbox 174 847 344 912; x_wconf 69' lang='lat' dir='ltr'><strong>confingerent.</strong></span> <span class='ocrx_word' id='word_1_29' title='bbox 377 846 441 902; x_wconf 79' lang='lat' dir='ltr'><strong>Num</strong></span> <span class='ocrx_word' id='word_1_30' title='bbox 451 849 498 896; x_wconf 84' lang='lat' dir='ltr'><strong>hoc</strong></span> <span class='ocrx_word' id='word_1_31' title='bbox 510 853 546 894; x_wconf 89' lang='lat' dir='ltr'><strong>est</strong></span> <span class='ocrx_word' id='word_1_32' title='bbox 560 847 626 910; x_wconf 87' lang='lat' dir='ltr'><strong>quod</strong></span> <span class='ocrx_word' id='word_1_33' title='bbox 637 862 755 896; x_wconf 71' lang='lat' dir='ltr'><strong>sermome</strong></span> <span class='ocrx_word' id='word_1_34' title='bbox 767 847 802 896; x_wconf 90' lang='lat' dir='ltr'><strong>tui</strong></span> <span class='ocrx_word' id='word_1_35' title='bbox 811 848 911 898; x_wconf 80' lang='lat' dir='ltr'><strong>solunt?</strong></span> <span class='ocrx_word' id='word_1_36' title='bbox 928 864 1006 914; x_wconf 87' lang='lat' dir='ltr'><strong>neque</strong></span> <span class='ocrx_word' id='word_1_37' title='bbox 1013 849 1083 898; x_wconf 76' lang='lat' dir='ltr'><strong>eliud</strong></span> <span class='ocrx_word' id='word_1_38' title='bbox 1090 850 1221 916; x_wconf 82' lang='lat' dir='ltr'><strong>quidquem</strong></span> 
     </span>
     <span class='ocr_line' id='line_1_5' title="bbox 118 927 1220 996; baseline 0.003 -20"><span class='ocrx_word' id='word_1_39' title='bbox 118 928 252 991; x_wconf 83' lang='lat' dir='ltr'><strong>intendunt,</strong></span> <span class='ocrx_word' id='word_1_40' title='bbox 263 943 333 992; x_wconf 82' lang='lat' dir='ltr'><strong>quem</strong></span> <span class='ocrx_word' id='word_1_41' title='bbox 346 943 387 992; x_wconf 83' lang='lat' dir='ltr'><strong>per</strong></span> <span class='ocrx_word' id='word_1_42' title='bbox 398 927 479 975; x_wconf 82' lang='lat' dir='ltr'><strong>omnis</strong></span> <span class='ocrx_word' id='word_1_43' title='bbox 490 942 545 990; x_wconf 75' lang='lat' dir='ltr'><strong>qun</strong></span> <span class='ocrx_word' id='word_1_44' title='bbox 555 927 668 976; x_wconf 88' lang='lat' dir='ltr'><strong>dicontur</strong></span> <span class='ocrx_word' id='word_1_45' title='bbox 679 943 789 992; x_wconf 73' lang='lat' dir='ltr'><strong>asserere,</strong></span> <span class='ocrx_word' id='word_1_46' title='bbox 799 930 863 992; x_wconf 86' lang='lat' dir='ltr'><strong>quod</strong></span> <span class='ocrx_word' id='word_1_47' title='bbox 876 928 950 978; x_wconf 81' lang='lat' dir='ltr'><strong>mults</strong></span> <span class='ocrx_word' id='word_1_48' title='bbox 958 944 1007 982; x_wconf 80' lang='lat' dir='ltr'><strong>nnn</strong></span> <span class='ocrx_word' id='word_1_49' title='bbox 1019 929 1083 978; x_wconf 76' lang='lat' dir='ltr'><strong>siuti</strong></span> <span class='ocrx_word' id='word_1_50' title='bbox 1100 929 1220 996; x_wconf 84' lang='lat' dir='ltr'><strong>hujusque</strong></span> 
     </span>
     <span class='ocr_line' id='line_1_6' title="bbox 117 1006 1220 1074; baseline 0.005 -18"><span class='ocrx_word' id='word_1_51' title='bbox 117 1007 191 1072; x_wconf 85' lang='lat' dir='ltr'><strong>ipsius</strong></span> <span class='ocrx_word' id='word_1_52' title='bbox 202 1023 392 1073; x_wconf 74' lang='lat' dir='ltr'><strong>unumquemque</strong></span> <span class='ocrx_word' id='word_1_53' title='bbox 402 1006 517 1056; x_wconf 85' lang='lat' dir='ltr'><strong>rstiouem</strong></span> <span class='ocrx_word' id='word_1_54' title='bbox 528 1006 691 1070; x_wconf 82' lang='lat' dir='ltr'><strong>conjecturem</strong></span> <span class='ocrx_word' id='word_1_55' title='bbox 703 1023 755 1056; x_wconf 86' lang='lat' dir='ltr'><strong>esse</strong></span> <span class='ocrx_word' id='word_1_56' title='bbox 766 1015 846 1073; x_wconf 82' lang='lat' dir='ltr'><strong>putus,</strong></span> <span class='ocrx_word' id='word_1_57' title='bbox 860 1023 889 1058; x_wconf 89' lang='lat' dir='ltr'><strong>sc</strong></span> <span class='ocrx_word' id='word_1_58' title='bbox 903 1008 1007 1061; x_wconf 80' lang='lat' dir='ltr'><strong>,totidem</strong></span> <span class='ocrx_word' id='word_1_59' title='bbox 1019 1009 1172 1074; x_wconf 71' lang='lat' dir='ltr'><strong>‚conjectures</strong></span> <span class='ocrx_word' id='word_1_60' title='bbox 1181 1011 1220 1067; x_wconf 79' lang='lat' dir='ltr'><strong>in-</strong></span> 
     </span>
     <span class='ocr_line' id='line_1_7' title="bbox 119 1085 1220 1155; baseline 0.01 -23"><span class='ocrx_word' id='word_1_61' title='bbox 119 1088 245 1152; x_wconf 74' lang='lat' dir='ltr'><strong>restigssse</strong></span> <span class='ocrx_word' id='word_1_62' title='bbox 257 1095 281 1138; x_wconf 88' lang='lat' dir='ltr'><strong>te</strong></span> <span class='ocrx_word' id='word_1_63' title='bbox 295 1105 389 1154; x_wconf 73' lang='lat' dir='ltr'><strong>eenms,</strong></span> <span class='ocrx_word' id='word_1_64' title='bbox 409 1096 468 1152; x_wconf 88' lang='lat' dir='ltr'><strong>quot</strong></span> <span class='ocrx_word' id='word_1_65' title='bbox 484 1085 586 1136; x_wconf 86' lang='lat' dir='ltr'><strong>reticues</strong></span> <span class='ocrx_word' id='word_1_66' title='bbox 603 1086 713 1144; x_wconf 72' lang='lat' dir='ltr'><strong>suetinsi,</strong></span> <span class='ocrx_word' id='word_1_67' title='bbox 730 1089 795 1152; x_wconf 89' lang='lat' dir='ltr'><strong>quod</strong></span> <span class='ocrx_word' id='word_1_68' title='bbox 812 1088 887 1138; x_wconf 79' lang='lat' dir='ltr'><strong>mults</strong></span> <span class='ocrx_word' id='word_1_69' title='bbox 901 1105 951 1138; x_wconf 86' lang='lat' dir='ltr'><strong>nou</strong></span> <span class='ocrx_word' id='word_1_70' title='bbox 968 1089 1040 1138; x_wconf 83' lang='lat' dir='ltr'><strong>snut?</strong></span> <span class='ocrx_word' id='word_1_71' title='bbox 1057 1089 1131 1155; x_wconf 80' lang='lat' dir='ltr'><strong>[tes]</strong></span> <span class='ocrx_word' id='word_1_72' title='bbox 1149 1091 1220 1143; x_wconf 76' lang='lat' dir='ltr'><strong>stone</strong></span> 
     </span>
     <span class='ocr_line' id='line_1_8' title="bbox 117 1165 1219 1238; baseline 0.003 -20"><span class='ocrx_word' id='word_1_73' title='bbox 117 1167 185 1230; x_wconf 85' lang='lat' dir='ltr'><strong>dicis,</strong></span> <span class='ocrx_word' id='word_1_74' title='bbox 203 1184 234 1216; x_wconf 87' lang='lat' dir='ltr'><strong>sn</strong></span> <span class='ocrx_word' id='word_1_75' title='bbox 253 1168 305 1233; x_wconf 86' lang='lat' dir='ltr'><strong>ipse</strong></span> <span class='ocrx_word' id='word_1_76' title='bbox 318 1185 368 1218; x_wconf 89' lang='lat' dir='ltr'><strong>non</strong></span> <span class='ocrx_word' id='word_1_77' title='bbox 386 1177 450 1219; x_wconf 85' lang='lat' dir='ltr'><strong>reete</strong></span> <span class='ocrx_word' id='word_1_78' title='bbox 468 1167 594 1232; x_wconf 75' lang='lat' dir='ltr'>percipio?</span> <span class='ocrx_word' id='word_1_79' title='bbox 627 1165 714 1225; x_wconf 76' lang='lat' dir='ltr'><strong>Immo,</strong></span> <span class='ocrx_word' id='word_1_80' title='bbox 731 1169 880 1232; x_wconf 84' lang='lat' dir='ltr'><strong>respondisse</strong></span> <span class='ocrx_word' id='word_1_81' title='bbox 893 1169 1022 1228; x_wconf 80' lang='lat' dir='ltr'><strong>Zenonem,</strong></span> <span class='ocrx_word' id='word_1_82' title='bbox 1040 1171 1140 1234; x_wconf 79' lang='lat' dir='ltr'><strong>optime,</strong></span> <span class='ocrx_word' id='word_1_83' title='bbox 1158 1172 1219 1238; x_wconf 81' lang='lat' dir='ltr'><strong>quid</strong></span> 
     </span>
     <span class='ocr_line' id='line_1_9' title="bbox 115 1246 1219 1318; baseline 0.005 -22"><span class='ocrx_word' id='word_1_84' title='bbox 115 1249 165 1298; x_wconf 77' lang='lat' dir='ltr'><strong>hee</strong></span> <span class='ocrx_word' id='word_1_85' title='bbox 175 1248 263 1313; x_wconf 83' lang='lat' dir='ltr'><strong>scriptu</strong></span> <span class='ocrx_word' id='word_1_86' title='bbox 274 1249 389 1308; x_wconf 82' lang='lat' dir='ltr'><strong>sentium,</strong></span> <span class='ocrx_word' id='word_1_87' title='bbox 399 1247 547 1298; x_wconf 73' lang='lat' dir='ltr'><strong>intellexisti.</strong></span> <span class='ocrx_word' id='word_1_88' title='bbox 581 1246 704 1312; x_wconf 73' lang='lat' dir='ltr'><strong>intelligo,</strong></span> <span class='ocrx_word' id='word_1_89' title='bbox 715 1249 802 1298; x_wconf 79' lang='lat' dir='ltr'><strong>dixisse</strong></span> <span class='ocrx_word' id='word_1_90' title='bbox 813 1249 943 1307; x_wconf 62' lang='lat' dir='ltr'><strong>socrum,</strong></span> <span class='ocrx_word' id='word_1_91' title='bbox 954 1265 968 1298; x_wconf 89' lang='lat' dir='ltr'><strong>o</strong></span> <span class='ocrx_word' id='word_1_92' title='bbox 979 1249 1141 1310; x_wconf 77' lang='lat' dir='ltr'><strong>Permenider,</strong></span> <span class='ocrx_word' id='word_1_93' title='bbox 1152 1255 1219 1318; x_wconf 83' lang='lat' dir='ltr'><strong>qnod</strong></span> 
     </span>
     <span class='ocr_line' id='line_1_10' title="bbox 115 1327 1220 1396; baseline 0.008 -21"><span class='ocrx_word' id='word_1_94' title='bbox 115 1327 193 1377; x_wconf 85' lang='lat' dir='ltr'><strong>Zenon</strong></span> <span class='ocrx_word' id='word_1_95' title='bbox 204 1328 250 1378; x_wconf 85' lang='lat' dir='ltr'><strong>iste</strong></span> <span class='ocrx_word' id='word_1_96' title='bbox 262 1345 311 1378; x_wconf 88' lang='lat' dir='ltr'><strong>nnn</strong></span> <span class='ocrx_word' id='word_1_97' title='bbox 322 1330 428 1380; x_wconf 85' lang='lat' dir='ltr'><strong>smieitlc</strong></span> <span class='ocrx_word' id='word_1_98' title='bbox 441 1329 517 1378; x_wconf 89' lang='lat' dir='ltr'><strong>solum</strong></span> <span class='ocrx_word' id='word_1_99' title='bbox 528 1328 665 1393; x_wconf 73' lang='lat' dir='ltr'><strong>conspirare</strong></span> <span class='ocrx_word' id='word_1_100' title='bbox 677 1328 727 1378; x_wconf 82' lang='lat' dir='ltr'><strong>vult</strong></span> <span class='ocrx_word' id='word_1_101' title='bbox 738 1337 826 1390; x_wconf 66' lang='lat' dir='ltr'><strong>tecum</strong></span> <span class='ocrx_word' id='word_1_102' title='bbox 834 1331 875 1380; x_wconf 87' lang='lat' dir='ltr'><strong>sed</strong></span> <span class='ocrx_word' id='word_1_103' title='bbox 886 1331 915 1378; x_wconf 86' lang='lat' dir='ltr'><strong>ils</strong></span> <span class='ocrx_word' id='word_1_104' title='bbox 925 1331 1006 1387; x_wconf 84' lang='lat' dir='ltr'><strong>etism,</strong></span> <span class='ocrx_word' id='word_1_105' title='bbox 1017 1347 1071 1395; x_wconf 80' lang='lat' dir='ltr'><strong>ques</strong></span> <span class='ocrx_word' id='word_1_106' title='bbox 1079 1333 1220 1396; x_wconf 81' lang='lat' dir='ltr'><strong>composuit.</strong></span> 
     </span>
     <span class='ocr_line' id='line_1_11' title="bbox 115 1408 1219 1476; baseline 0.006 -20"><span class='ocrx_word' id='word_1_107' title='bbox 115 1408 177 1458; x_wconf 88' lang='lat' dir='ltr'><strong>idem</strong></span> <span class='ocrx_word' id='word_1_108' title='bbox 188 1409 253 1458; x_wconf 83' lang='lat' dir='ltr'><strong>enirn</strong></span> <span class='ocrx_word' id='word_1_109' title='bbox 272 1411 460 1475; x_wconf 86' lang='lat' dir='ltr'><strong>qnodnmmudo,</strong></span> <span class='ocrx_word' id='word_1_110' title='bbox 477 1410 542 1474; x_wconf 86' lang='lat' dir='ltr'><strong>quod</strong></span> <span class='ocrx_word' id='word_1_111' title='bbox 554 1415 625 1470; x_wconf 83' lang='lat' dir='ltr'><strong>etto,</strong></span> <span class='ocrx_word' id='word_1_112' title='bbox 643 1410 752 1476; x_wconf 84' lang='lat' dir='ltr'><strong>scripsit:</strong></span> <span class='ocrx_word' id='word_1_113' title='bbox 770 1425 849 1462; x_wconf 85' lang='lat' dir='ltr'><strong>verum</strong></span> <span class='ocrx_word' id='word_1_114' title='bbox 868 1412 1040 1476; x_wconf 73' lang='lat' dir='ltr'><strong>permutatione</strong></span> <span class='ocrx_word' id='word_1_115' title='bbox 1057 1413 1159 1476; x_wconf 81' lang='lat' dir='ltr'><strong>quedem</strong></span> <span class='ocrx_word' id='word_1_116' title='bbox 1173 1428 1219 1463; x_wconf 85' lang='lat' dir='ltr'><strong>uos</strong></span> 
     </span>
     <span class='ocr_line' id='line_1_12' title="bbox 117 1488 1221 1557; baseline 0.006 -20"><span class='ocrx_word' id='word_1_117' title='bbox 117 1488 226 1554; x_wconf 77' lang='lat' dir='ltr'><strong>decipere</strong></span> <span class='ocrx_word' id='word_1_118' title='bbox 239 1497 324 1550; x_wconf 78' lang='lat' dir='ltr'><strong>tentet,</strong></span> <span class='ocrx_word' id='word_1_119' title='bbox 332 1491 402 1557; x_wconf 87' lang='lat' dir='ltr'><strong>qussi</strong></span> <span class='ocrx_word' id='word_1_120' title='bbox 412 1491 486 1548; x_wconf 69' lang='lat' dir='ltr'><strong>siud,</strong></span> <span class='ocrx_word' id='word_1_121' title='bbox 498 1505 568 1555; x_wconf 80' lang='lat' dir='ltr'><strong>quem</strong></span> <span class='ocrx_word' id='word_1_122' title='bbox 580 1498 614 1549; x_wconf 90' lang='lat' dir='ltr'><strong>tu,</strong></span> <span class='ocrx_word' id='word_1_123' title='bbox 626 1490 701 1540; x_wconf 85' lang='lat' dir='ltr'><strong>diost.</strong></span> <span class='ocrx_word' id='word_1_124' title='bbox 733 1490 796 1541; x_wconf 79' lang='lat' dir='ltr'><strong>Nem</strong></span> <span class='ocrx_word' id='word_1_125' title='bbox 809 1497 834 1540; x_wconf 88' lang='lat' dir='ltr'><strong>tu</strong></span> <span class='ocrx_word' id='word_1_126' title='bbox 845 1491 871 1540; x_wconf 90' lang='lat' dir='ltr'><strong>in</strong></span> <span class='ocrx_word' id='word_1_127' title='bbox 882 1491 1032 1556; x_wconf 73' lang='lat' dir='ltr'><strong>poimstibus</strong></span> <span class='ocrx_word' id='word_1_128' title='bbox 1042 1508 1115 1542; x_wconf 85' lang='lat' dir='ltr'><strong>unum</strong></span> <span class='ocrx_word' id='word_1_129' title='bbox 1126 1493 1221 1544; x_wconf 84' lang='lat' dir='ltr'><strong>siseres</strong></span> 
     </span>
     <span class='ocr_line' id='line_1_13' title="bbox 112 1569 1219 1638; baseline 0.007 -22"><span class='ocrx_word' id='word_1_130' title='bbox 112 1569 190 1634; x_wconf 88' lang='lat' dir='ltr'><strong>ipsum</strong></span> <span class='ocrx_word' id='word_1_131' title='bbox 202 1587 289 1621; x_wconf 81' lang='lat' dir='ltr'><strong>omne:</strong></span> <span class='ocrx_word' id='word_1_132' title='bbox 306 1579 378 1638; x_wconf 80' lang='lat' dir='ltr'><strong>etque</strong></span> <span class='ocrx_word' id='word_1_133' title='bbox 386 1572 457 1636; x_wconf 76' lang='lat' dir='ltr'><strong>liujus</strong></span> <span class='ocrx_word' id='word_1_134' title='bbox 468 1580 604 1636; x_wconf 76' lang='lat' dir='ltr'><strong>ergumente</strong></span> <span class='ocrx_word' id='word_1_135' title='bbox 614 1587 685 1636; x_wconf 83' lang='lat' dir='ltr'><strong>quem</strong></span> <span class='ocrx_word' id='word_1_136' title='bbox 698 1571 854 1636; x_wconf 79' lang='lat' dir='ltr'><strong>pulcherrime</strong></span> <span class='ocrx_word' id='word_1_137' title='bbox 869 1573 975 1623; x_wconf 78' lang='lat' dir='ltr'><strong>exhibet.</strong></span> <span class='ocrx_word' id='word_1_138' title='bbox 1009 1571 1058 1624; x_wconf 84' lang='lat' dir='ltr'><strong>Hie</strong></span> <span class='ocrx_word' id='word_1_139' title='bbox 1068 1589 1124 1624; x_wconf 83' lang='lat' dir='ltr'><strong>sem</strong></span> <span class='ocrx_word' id='word_1_140' title='bbox 1141 1590 1219 1624; x_wconf 91' lang='lat' dir='ltr'><strong>rursus</strong></span> 
     </span>
     <span class='ocr_line' id='line_1_14' title="bbox 113 1645 1218 1720; baseline 0.005 -22"><span class='ocrx_word' id='word_1_141' title='bbox 113 1663 162 1702; x_wconf 89' lang='lat' dir='ltr'><strong>nou</strong></span> <span class='ocrx_word' id='word_1_142' title='bbox 173 1645 251 1702; x_wconf 78' lang='lat' dir='ltr'><strong>mults</strong></span> <span class='ocrx_word' id='word_1_143' title='bbox 260 1668 311 1702; x_wconf 88' lang='lat' dir='ltr'><strong>esse</strong></span> <span class='ocrx_word' id='word_1_144' title='bbox 324 1653 367 1710; x_wconf 85' lang='lat' dir='ltr'><strong>nit,</strong></span> <span class='ocrx_word' id='word_1_145' title='bbox 378 1651 573 1717; x_wconf 85' lang='lat' dir='ltr'><strong>conjecturssque</strong></span> <span class='ocrx_word' id='word_1_146' title='bbox 584 1653 671 1716; x_wconf 85' lang='lat' dir='ltr'><strong>etipse</strong></span> <span class='ocrx_word' id='word_1_147' title='bbox 681 1652 808 1717; x_wconf 87' lang='lat' dir='ltr'><strong>permultss</strong></span> <span class='ocrx_word' id='word_1_148' title='bbox 818 1669 846 1704; x_wconf 83' lang='lat' dir='ltr'><strong>sc</strong></span> <span class='ocrx_word' id='word_1_149' title='bbox 858 1651 947 1702; x_wconf 84' lang='lat' dir='ltr'><strong>sslidsr</strong></span> <span class='ocrx_word' id='word_1_150' title='bbox 956 1654 1054 1718; x_wconf 75' lang='lat' dir='ltr'><strong>prebet.</strong></span> <span class='ocrx_word' id='word_1_151' title='bbox 1084 1653 1151 1704; x_wconf 89' lang='lat' dir='ltr'><strong>Dum</strong></span> <span class='ocrx_word' id='word_1_152' title='bbox 1162 1671 1218 1720; x_wconf 71' lang='lat' dir='ltr'><strong>ergo</strong></span> 
     </span>
     <span class='ocr_line' id='line_1_15' title="bbox 111 1730 1219 1809; baseline 0.007 -31"><span class='ocrx_word' id='word_1_153' title='bbox 111 1730 173 1780; x_wconf 89' lang='lat' dir='ltr'><strong>elter</strong></span> <span class='ocrx_word' id='word_1_154' title='bbox 191 1732 275 1780; x_wconf 90' lang='lat' dir='ltr'><strong>Unum</strong></span> <span class='ocrx_word' id='word_1_155' title='bbox 290 1733 359 1809; x_wconf 75' lang='lat' dir='ltr'><strong>dicit,</strong></span> <span class='ocrx_word' id='word_1_156' title='bbox 375 1733 433 1782; x_wconf 76' lang='lat' dir='ltr'><strong>ulter</strong></span> <span class='ocrx_word' id='word_1_157' title='bbox 451 1732 509 1782; x_wconf 83' lang='lat' dir='ltr'><strong>Non</strong></span> <span class='ocrx_word' id='word_1_158' title='bbox 526 1733 609 1793; x_wconf 84' lang='lat' dir='ltr'><strong>mults,</strong></span> <span class='ocrx_word' id='word_1_159' title='bbox 627 1742 652 1782; x_wconf 85' lang='lat' dir='ltr'><strong>et</strong></span> <span class='ocrx_word' id='word_1_160' title='bbox 664 1749 718 1782; x_wconf 88' lang='lat' dir='ltr'><strong>eum</strong></span> <span class='ocrx_word' id='word_1_161' title='bbox 734 1735 760 1782; x_wconf 93' lang='lat' dir='ltr'><strong>in</strong></span> <span class='ocrx_word' id='word_1_162' title='bbox 777 1735 873 1783; x_wconf 87' lang='lat' dir='ltr'><strong>medum</strong></span> <span class='ocrx_word' id='word_1_163' title='bbox 888 1742 988 1798; x_wconf 85' lang='lat' dir='ltr'><strong>uterque</strong></span> <span class='ocrx_word' id='word_1_164' title='bbox 1003 1733 1116 1800; x_wconf 83' lang='lat' dir='ltr'><strong>loquitur,</strong></span> <span class='ocrx_word' id='word_1_165' title='bbox 1130 1741 1219 1786; x_wconf 84' lang='lat' dir='ltr'><strong>utnon</strong></span> 
     </span>
     <span class='ocr_line' id='line_1_16' title="bbox 115 1810 1219 1881; baseline 0.009 -24"><span class='ocrx_word' id='word_1_166' title='bbox 115 1810 245 1860; x_wconf 75' lang='lat' dir='ltr'><strong>videantur</strong></span> <span class='ocrx_word' id='word_1_167' title='bbox 255 1813 318 1862; x_wconf 86' lang='lat' dir='ltr'><strong>idem</strong></span> <span class='ocrx_word' id='word_1_168' title='bbox 328 1813 422 1871; x_wconf 73' lang='lat' dir='ltr'><strong>intem,</strong></span> <span class='ocrx_word' id='word_1_169' title='bbox 441 1829 496 1864; x_wconf 90' lang='lat' dir='ltr'><strong>oum</strong></span> <span class='ocrx_word' id='word_1_170' title='bbox 513 1822 591 1864; x_wconf 82' lang='lat' dir='ltr'><strong>temen</strong></span> <span class='ocrx_word' id='word_1_171' title='bbox 608 1814 690 1864; x_wconf 84' lang='lat' dir='ltr'><strong>endem</strong></span> <span class='ocrx_word' id='word_1_172' title='bbox 701 1814 774 1863; x_wconf 78' lang='lat' dir='ltr'><strong>terme</strong></span> <span class='ocrx_word' id='word_1_173' title='bbox 789 1815 879 1874; x_wconf 81' lang='lat' dir='ltr'><strong>dicent,</strong></span> <span class='ocrx_word' id='word_1_174' title='bbox 890 1815 1000 1864; x_wconf 82' lang='lat' dir='ltr'><strong>ridentur</strong></span> <span class='ocrx_word' id='word_1_175' title='bbox 1013 1816 1083 1864; x_wconf 86' lang='lat' dir='ltr'><strong>nobis</strong></span> <span class='ocrx_word' id='word_1_176' title='bbox 1092 1815 1138 1865; x_wconf 86' lang='lat' dir='ltr'><strong>ists</strong></span> <span class='ocrx_word' id='word_1_177' title='bbox 1147 1831 1219 1881; x_wconf 76' lang='lat' dir='ltr'><strong>tepru</strong></span> 
     </span>
     <span class='ocr_line' id='line_1_17' title="bbox 113 1891 1219 1958; baseline 0.008 -20"><span class='ocrx_word' id='word_1_178' title='bbox 113 1905 156 1938; x_wconf 88' lang='lat' dir='ltr'><strong>nos</strong></span> <span class='ocrx_word' id='word_1_179' title='bbox 175 1891 234 1941; x_wconf 88' lang='lat' dir='ltr'><strong>dici.</strong></span> <span class='ocrx_word' id='word_1_180' title='bbox 268 1891 308 1942; x_wconf 86' lang='lat' dir='ltr'><strong>Its</strong></span> <span class='ocrx_word' id='word_1_181' title='bbox 326 1901 371 1953; x_wconf 91' lang='lat' dir='ltr'><strong>est,</strong></span> <span class='ocrx_word' id='word_1_182' title='bbox 389 1911 404 1945; x_wconf 91' lang='lat' dir='ltr'><strong>o</strong></span> <span class='ocrx_word' id='word_1_183' title='bbox 422 1895 544 1958; x_wconf 84' lang='lat' dir='ltr'><strong>Socrstcs,</strong></span> <span class='ocrx_word' id='word_1_184' title='bbox 562 1895 649 1944; x_wconf 82' lang='lat' dir='ltr'><strong>dixisse</strong></span> <span class='ocrx_word' id='word_1_185' title='bbox 667 1895 795 1944; x_wconf 62' lang='lat' dir='ltr'><strong>monem.</strong></span> <span class='ocrx_word' id='word_1_186' title='bbox 817 1911 865 1944; x_wconf 89' lang='lat' dir='ltr'><strong>nou</strong></span> <span class='ocrx_word' id='word_1_187' title='bbox 881 1895 978 1944; x_wconf 89' lang='lat' dir='ltr'><strong>omnino</strong></span> <span class='ocrx_word' id='word_1_188' title='bbox 1000 1903 1077 1952; x_wconf 80' lang='lat' dir='ltr'><strong>temen</strong></span> <span class='ocrx_word' id='word_1_189' title='bbox 1094 1897 1219 1950; x_wconf 80' lang='lat' dir='ltr'><strong>serltstcm</strong></span> 
     </span>
     <span class='ocr_line' id='line_1_18' title="bbox 112 1975 1220 2041; baseline 0.005 -21"><span class='ocrx_word' id='word_1_190' title='bbox 112 1986 193 2020; x_wconf 87' lang='lat' dir='ltr'><strong>eornm</strong></span> <span class='ocrx_word' id='word_1_191' title='bbox 208 1989 263 2036; x_wconf 82' lang='lat' dir='ltr'><strong>quse</strong></span> <span class='ocrx_word' id='word_1_192' title='bbox 274 1975 424 2039; x_wconf 80' lang='lat' dir='ltr'><strong>seripserunt</strong></span> <span class='ocrx_word' id='word_1_193' title='bbox 433 1975 584 2039; x_wconf 81' lang='lat' dir='ltr'><strong>persensisti:</strong></span> <span class='ocrx_word' id='word_1_194' title='bbox 602 1975 709 2041; x_wconf 82' lang='lat' dir='ltr'><strong>quemvis</strong></span> <span class='ocrx_word' id='word_1_195' title='bbox 717 1991 762 2025; x_wconf 87' lang='lat' dir='ltr'><strong>ceu</strong></span> <span class='ocrx_word' id='word_1_196' title='bbox 774 1989 844 2026; x_wconf 80' lang='lat' dir='ltr'><strong>tenes</strong></span> <span class='ocrx_word' id='word_1_197' title='bbox 856 1975 964 2034; x_wconf 70' lang='lat' dir='ltr'><strong>Leonum</strong></span> <span class='ocrx_word' id='word_1_198' title='bbox 978 1975 1039 2028; x_wconf 80' lang='lat' dir='ltr'><strong>bene</strong></span> <span class='ocrx_word' id='word_1_199' title='bbox 1051 1976 1184 2025; x_wconf 87' lang='lat' dir='ltr'><strong>trsnsonrrls</strong></span> <span class='ocrx_word' id='word_1_200' title='bbox 1193 1983 1220 2026; x_wconf 86' lang='lat' dir='ltr'><strong>et</strong></span> 
     </span>
     <span class='ocr_line' id='line_1_19' title="bbox 113 2052 1219 2124; baseline 0.005 -24"><span class='ocrx_word' id='word_1_201' title='bbox 113 2052 240 2118; x_wconf 72' lang='lat' dir='ltr'><strong>investiges</strong></span> <span class='ocrx_word' id='word_1_202' title='bbox 250 2055 326 2104; x_wconf 79' lang='lat' dir='ltr'><strong>dicte.</strong></span> <span class='ocrx_word' id='word_1_203' title='bbox 343 2057 385 2106; x_wconf 86' lang='lat' dir='ltr'><strong>sod</strong></span> <span class='ocrx_word' id='word_1_204' title='bbox 398 2055 499 2121; x_wconf 83' lang='lat' dir='ltr'><strong>primum</strong></span> <span class='ocrx_word' id='word_1_205' title='bbox 511 2057 609 2123; x_wconf 87' lang='lat' dir='ltr'><strong>quidem</strong></span> <span class='ocrx_word' id='word_1_206' title='bbox 620 2060 666 2108; x_wconf 84' lang='lat' dir='ltr'><strong>hoc</strong></span> <span class='ocrx_word' id='word_1_207' title='bbox 678 2065 701 2106; x_wconf 89' lang='lat' dir='ltr'><strong>te</strong></span> <span class='ocrx_word' id='word_1_208' title='bbox 717 2057 798 2116; x_wconf 84' lang='lat' dir='ltr'><strong>lstnit,</strong></span> <span class='ocrx_word' id='word_1_209' title='bbox 812 2059 877 2124; x_wconf 75' lang='lat' dir='ltr'><strong>quod</strong></span> <span class='ocrx_word' id='word_1_210' title='bbox 897 2072 946 2108; x_wconf 87' lang='lat' dir='ltr'><strong>uon</strong></span> <span class='ocrx_word' id='word_1_211' title='bbox 957 2055 1053 2108; x_wconf 86' lang='lat' dir='ltr'><strong>omnino</strong></span> <span class='ocrx_word' id='word_1_212' title='bbox 1064 2055 1133 2112; x_wconf 73' lang='lat' dir='ltr'><strong>sicne</strong></span> <span class='ocrx_word' id='word_1_213' title='bbox 1143 2055 1219 2106; x_wconf 82' lang='lat' dir='ltr'><strong>estol·</strong></span> 
     </span>
     <span class='ocr_line' id='line_1_20' title="bbox 115 2131 1220 2203; baseline 0.005 -23"><span class='ocrx_word' id='word_1_214' title='bbox 115 2131 166 2182; x_wconf 90' lang='lat' dir='ltr'><strong>lunt</strong></span> <span class='ocrx_word' id='word_1_215' title='bbox 176 2133 341 2198; x_wconf 84' lang='lat' dir='ltr'><strong>hujuscemodi</strong></span> <span class='ocrx_word' id='word_1_216' title='bbox 352 2138 449 2202; x_wconf 83' lang='lat' dir='ltr'><strong>scripte,</strong></span> <span class='ocrx_word' id='word_1_217' title='bbox 461 2145 489 2188; x_wconf 86' lang='lat' dir='ltr'><strong>ut</strong></span> <span class='ocrx_word' id='word_1_218' title='bbox 499 2153 552 2186; x_wconf 79' lang='lat' dir='ltr'><strong>enm</strong></span> <span class='ocrx_word' id='word_1_219' title='bbox 563 2139 595 2187; x_wconf 91' lang='lat' dir='ltr'><strong>ob</strong></span> <span class='ocrx_word' id='word_1_220' title='bbox 605 2153 700 2188; x_wconf 86' lang='lat' dir='ltr'><strong>csussm</strong></span> <span class='ocrx_word' id='word_1_221' title='bbox 709 2139 798 2202; x_wconf 80' lang='lat' dir='ltr'><strong>scripte</strong></span> <span class='ocrx_word' id='word_1_222' title='bbox 808 2137 855 2192; x_wconf 83' lang='lat' dir='ltr'><strong>slot</strong></span> <span class='ocrx_word' id='word_1_223' title='bbox 865 2153 937 2203; x_wconf 83' lang='lat' dir='ltr'><strong>quem</strong></span> <span class='ocrx_word' id='word_1_224' title='bbox 948 2145 973 2186; x_wconf 89' lang='lat' dir='ltr'><strong>tn</strong></span> <span class='ocrx_word' id='word_1_225' title='bbox 985 2143 1064 2202; x_wconf 83' lang='lat' dir='ltr'><strong>potes,</strong></span> <span class='ocrx_word' id='word_1_226' title='bbox 1075 2143 1102 2184; x_wconf 89' lang='lat' dir='ltr'><strong>ut</strong></span> <span class='ocrx_word' id='word_1_227' title='bbox 1112 2135 1220 2186; x_wconf 87' lang='lat' dir='ltr'><strong>hernines</strong></span> 
     </span>
     <span class='ocr_line' id='line_1_21' title="bbox 114 2213 1219 2282; baseline 0.004 -20"><span class='ocrx_word' id='word_1_228' title='bbox 114 2213 200 2277; x_wconf 84' lang='lat' dir='ltr'><strong>colent,</strong></span> <span class='ocrx_word' id='word_1_229' title='bbox 222 2217 290 2281; x_wconf 87' lang='lat' dir='ltr'><strong>qussi</strong></span> <span class='ocrx_word' id='word_1_230' title='bbox 309 2218 431 2282; x_wconf 76' lang='lat' dir='ltr'><strong>egregium</strong></span> <span class='ocrx_word' id='word_1_231' title='bbox 449 2218 565 2282; x_wconf 85' lang='lat' dir='ltr'><strong>quiddssn</strong></span> <span class='ocrx_word' id='word_1_232' title='bbox 586 2218 643 2268; x_wconf 88' lang='lat' dir='ltr'><strong>hinc</strong></span> <span class='ocrx_word' id='word_1_233' title='bbox 661 2218 791 2269; x_wconf 79' lang='lat' dir='ltr'><strong>officietur:</strong></span> <span class='ocrx_word' id='word_1_234' title='bbox 809 2233 889 2267; x_wconf 82' lang='lat' dir='ltr'><strong>rernm</strong></span> <span class='ocrx_word' id='word_1_235' title='bbox 911 2225 937 2266; x_wconf 92' lang='lat' dir='ltr'><strong>tu</strong></span> <span class='ocrx_word' id='word_1_236' title='bbox 958 2217 1054 2282; x_wconf 88' lang='lat' dir='ltr'><strong>quidem</strong></span> <span class='ocrx_word' id='word_1_237' title='bbox 1076 2217 1219 2280; x_wconf 75' lang='lat' dir='ltr'><strong>contingens</strong></span> 
     </span>
     <span class='ocr_line' id='line_1_22' title="bbox 114 2294 1219 2362; baseline 0.002 -20"><span class='ocrx_word' id='word_1_238' title='bbox 114 2294 225 2358; x_wconf 86' lang='lat' dir='ltr'><strong>quiddnm</strong></span> <span class='ocrx_word' id='word_1_239' title='bbox 237 2295 329 2349; x_wconf 81' lang='lat' dir='ltr'><strong>dixisti.</strong></span> <span class='ocrx_word' id='word_1_240' title='bbox 362 2298 425 2348; x_wconf 86' lang='lat' dir='ltr'><strong>Sunt</strong></span> <span class='ocrx_word' id='word_1_241' title='bbox 435 2306 515 2348; x_wconf 85' lang='lat' dir='ltr'><strong>sutem</strong></span> <span class='ocrx_word' id='word_1_242' title='bbox 525 2300 577 2348; x_wconf 76' lang='lat' dir='ltr'><strong>huc</strong></span> <span class='ocrx_word' id='word_1_243' title='bbox 588 2315 668 2350; x_wconf 81' lang='lat' dir='ltr'><strong>revers</strong></span> <span class='ocrx_word' id='word_1_244' title='bbox 675 2299 810 2362; x_wconf 75' lang='lat' dir='ltr'><strong>conscripto</strong></span> <span class='ocrx_word' id='word_1_245' title='bbox 821 2299 846 2346; x_wconf 91' lang='lat' dir='ltr'><strong>in</strong></span> <span class='ocrx_word' id='word_1_246' title='bbox 857 2297 994 2362; x_wconf 73' lang='lat' dir='ltr'><strong>ruffrsginm</strong></span> <span class='ocrx_word' id='word_1_247' title='bbox 1006 2295 1165 2361; x_wconf 82' lang='lat' dir='ltr'><strong>Pmmenidis,</strong></span> <span class='ocrx_word' id='word_1_248' title='bbox 1175 2298 1219 2348; x_wconf 86' lang='lat' dir='ltr'><strong>sd·</strong></span> 
     </span>
     <span class='ocr_line' id='line_1_23' title="bbox 114 2377 1218 2444; baseline 0.005 -24"><span class='ocrx_word' id='word_1_249' title='bbox 114 2389 190 2424; x_wconf 81' lang='lat' dir='ltr'><strong>versus</strong></span> <span class='ocrx_word' id='word_1_250' title='bbox 200 2392 254 2441; x_wconf 86' lang='lat' dir='ltr'><strong>eos,</strong></span> <span class='ocrx_word' id='word_1_251' title='bbox 265 2378 307 2442; x_wconf 90' lang='lat' dir='ltr'><strong>qui</strong></span> <span class='ocrx_word' id='word_1_252' title='bbox 319 2377 387 2426; x_wconf 88' lang='lat' dir='ltr'><strong>illum</strong></span> <span class='ocrx_word' id='word_1_253' title='bbox 399 2394 496 2443; x_wconf 76' lang='lat' dir='ltr'><strong>corpere</strong></span> <span class='ocrx_word' id='word_1_254' title='bbox 507 2379 623 2438; x_wconf 90' lang='lat' dir='ltr'><strong>nituntur,</strong></span> <span class='ocrx_word' id='word_1_255' title='bbox 634 2380 750 2442; x_wconf 86' lang='lat' dir='ltr'><strong>dicentes,</strong></span> <span class='ocrx_word' id='word_1_256' title='bbox 760 2379 780 2428; x_wconf 90' lang='lat' dir='ltr'><strong>si</strong></span> <span class='ocrx_word' id='word_1_257' title='bbox 790 2379 887 2444; x_wconf 84' lang='lat' dir='ltr'><strong>quidem</strong></span> <span class='ocrx_word' id='word_1_258' title='bbox 898 2393 972 2426; x_wconf 88' lang='lat' dir='ltr'><strong>unum</strong></span> <span class='ocrx_word' id='word_1_259' title='bbox 983 2378 1015 2426; x_wconf 86' lang='lat' dir='ltr'><strong>sit</strong></span> <span class='ocrx_word' id='word_1_260' title='bbox 1026 2393 1104 2435; x_wconf 72' lang='lat' dir='ltr'><strong>crime,</strong></span> <span class='ocrx_word' id='word_1_261' title='bbox 1117 2377 1218 2426; x_wconf 81' lang='lat' dir='ltr'><strong>ndinutn</strong></span> 
     </span>
     <span class='ocr_line' id='line_1_24' title="bbox 114 2455 1217 2524; baseline 0.002 -20"><span class='ocrx_word' id='word_1_262' title='bbox 114 2455 214 2520; x_wconf 82' lang='lat' dir='ltr'><strong>plurime</strong></span> <span class='ocrx_word' id='word_1_263' title='bbox 225 2457 282 2508; x_wconf 84' lang='lat' dir='ltr'><strong>huic</strong></span> <span class='ocrx_word' id='word_1_264' title='bbox 292 2457 410 2522; x_wconf 84' lang='lat' dir='ltr'><strong>opinioni,</strong></span> <span class='ocrx_word' id='word_1_265' title='bbox 429 2474 457 2509; x_wconf 85' lang='lat' dir='ltr'><strong>sc</strong></span> <span class='ocrx_word' id='word_1_266' title='bbox 475 2459 547 2508; x_wconf 86' lang='lat' dir='ltr'><strong>etism</strong></span> <span class='ocrx_word' id='word_1_267' title='bbox 560 2459 716 2524; x_wconf 66' lang='lat' dir='ltr'><strong>repugnantia</strong></span> <span class='ocrx_word' id='word_1_268' title='bbox 731 2458 776 2508; x_wconf 89' lang='lat' dir='ltr'><strong>sibi</strong></span> <span class='ocrx_word' id='word_1_269' title='bbox 790 2459 896 2522; x_wconf 86' lang='lat' dir='ltr'><strong>penitus,</strong></span> <span class='ocrx_word' id='word_1_270' title='bbox 913 2467 1035 2510; x_wconf 80' lang='lat' dir='ltr'><strong>eventurn.</strong></span> <span class='ocrx_word' id='word_1_271' title='bbox 1051 2459 1104 2508; x_wconf 76' lang='lat' dir='ltr'><strong>hec</strong></span> <span class='ocrx_word' id='word_1_272' title='bbox 1119 2472 1217 2522; x_wconf 77' lang='lat' dir='ltr'><strong>quoque</strong></span> 
     </span>
     <span class='ocr_line' id='line_1_25' title="bbox 115 2538 1215 2604; baseline 0 -18"><span class='ocrx_word' id='word_1_273' title='bbox 115 2538 201 2602; x_wconf 80' lang='lat' dir='ltr'><strong>scripte</strong></span> <span class='ocrx_word' id='word_1_274' title='bbox 211 2552 264 2596; x_wconf 88' lang='lat' dir='ltr'><strong>eos,</strong></span> <span class='ocrx_word' id='word_1_275' title='bbox 274 2539 317 2602; x_wconf 87' lang='lat' dir='ltr'><strong>qui</strong></span> <span class='ocrx_word' id='word_1_276' title='bbox 328 2538 401 2588; x_wconf 89' lang='lat' dir='ltr'><strong>mults</strong></span> <span class='ocrx_word' id='word_1_277' title='bbox 411 2553 463 2588; x_wconf 87' lang='lat' dir='ltr'><strong>esse</strong></span> <span class='ocrx_word' id='word_1_278' title='bbox 474 2539 566 2596; x_wconf 89' lang='lat' dir='ltr'><strong>solunt,</strong></span> <span class='ocrx_word' id='word_1_279' title='bbox 576 2539 717 2602; x_wconf 70' lang='lat' dir='ltr'><strong>impugnent</strong></span> <span class='ocrx_word' id='word_1_280' title='bbox 729 2555 736 2587; x_wconf 82' lang='lat' dir='ltr'><strong>s</strong></span> <span class='ocrx_word' id='word_1_281' title='bbox 753 2554 780 2587; x_wconf 86' lang='lat' dir='ltr'><strong>so</strong></span> <span class='ocrx_word' id='word_1_282' title='bbox 792 2538 859 2600; x_wconf 84' lang='lat' dir='ltr'><strong>plum</strong></span> <span class='ocrx_word' id='word_1_283' title='bbox 870 2538 996 2602; x_wconf 76' lang='lat' dir='ltr'><strong>objiciunt,</strong></span> <span class='ocrx_word' id='word_1_284' title='bbox 1007 2545 1034 2588; x_wconf 83' lang='lat' dir='ltr'><strong>ul</strong></span> <span class='ocrx_word' id='word_1_285' title='bbox 1041 2546 1131 2604; x_wconf 80' lang='lat' dir='ltr'><strong>petest,</strong></span> <span class='ocrx_word' id='word_1_286' title='bbox 1139 2538 1215 2586; x_wconf 91' lang='lat' dir='ltr'><strong>multo</strong></span> 
     </span>
     <span class='ocr_line' id='line_1_26' title="bbox 113 2617 1217 2683; baseline 0.001 -17"><span class='ocrx_word' id='word_1_287' title='bbox 113 2618 248 2667; x_wconf 76' lang='lat' dir='ltr'><strong>obsurdiors</strong></span> <span class='ocrx_word' id='word_1_288' title='bbox 259 2633 288 2666; x_wconf 83' lang='lat' dir='ltr'><strong>ex</strong></span> <span class='ocrx_word' id='word_1_289' title='bbox 303 2619 416 2683; x_wconf 84' lang='lat' dir='ltr'><strong>opinione</strong></span> <span class='ocrx_word' id='word_1_290' title='bbox 427 2619 519 2668; x_wconf 88' lang='lat' dir='ltr'><strong>illorum</strong></span> <span class='ocrx_word' id='word_1_291' title='bbox 531 2619 607 2682; x_wconf 80' lang='lat' dir='ltr'><strong>nequi,</strong></span> <span class='ocrx_word' id='word_1_292' title='bbox 618 2618 682 2681; x_wconf 83' lang='lat' dir='ltr'><strong>quod</strong></span> <span class='ocrx_word' id='word_1_293' title='bbox 698 2617 791 2667; x_wconf 85' lang='lat' dir='ltr'><strong>scilicet</strong></span> <span class='ocrx_word' id='word_1_294' title='bbox 804 2618 879 2668; x_wconf 79' lang='lat' dir='ltr'><strong>mutu</strong></span> <span class='ocrx_word' id='word_1_295' title='bbox 893 2617 950 2674; x_wconf 86' lang='lat' dir='ltr'><strong>sint,</strong></span> <span class='ocrx_word' id='word_1_296' title='bbox 970 2632 1041 2682; x_wconf 75' lang='lat' dir='ltr'><strong>mrem</strong></span> <span class='ocrx_word' id='word_1_297' title='bbox 1055 2634 1083 2666; x_wconf 83' lang='lat' dir='ltr'><strong>er</strong></span> <span class='ocrx_word' id='word_1_298' title='bbox 1101 2618 1217 2682; x_wconf 79' lang='lat' dir='ltr'><strong>opinione</strong></span> 
     </span>
     <span class='ocr_line' id='line_1_27' title="bbox 116 2697 1217 2764; baseline 0.002 -18"><span class='ocrx_word' id='word_1_299' title='bbox 116 2697 271 2756; x_wconf 80' lang='lat' dir='ltr'><strong>Permenidis,</strong></span> <span class='ocrx_word' id='word_1_300' title='bbox 281 2701 346 2763; x_wconf 87' lang='lat' dir='ltr'><strong>qnod</strong></span> <span class='ocrx_word' id='word_1_301' title='bbox 358 2701 389 2748; x_wconf 87' lang='lat' dir='ltr'><strong>sit</strong></span> <span class='ocrx_word' id='word_1_302' title='bbox 399 2714 483 2759; x_wconf 89' lang='lat' dir='ltr'><strong>unum,</strong></span> <span class='ocrx_word' id='word_1_303' title='bbox 500 2698 520 2748; x_wconf 89' lang='lat' dir='ltr'><strong>si</strong></span> <span class='ocrx_word' id='word_1_304' title='bbox 540 2700 593 2764; x_wconf 87' lang='lat' dir='ltr'><strong>quis</strong></span> <span class='ocrx_word' id='word_1_305' title='bbox 604 2699 728 2763; x_wconf 78' lang='lat' dir='ltr'><strong>diligenter</strong></span> <span class='ocrx_word' id='word_1_306' title='bbox 737 2697 911 2748; x_wconf 83' lang='lat' dir='ltr'><strong>creminsverit.</strong></span> <span class='ocrx_word' id='word_1_307' title='bbox 944 2697 984 2747; x_wconf 87' lang='lat' dir='ltr'><strong>Ob</strong></span> <span class='ocrx_word' id='word_1_308' title='bbox 995 2699 1056 2747; x_wconf 78' lang='lat' dir='ltr'><strong>hono</strong></span> <span class='ocrx_word' id='word_1_309' title='bbox 1066 2699 1147 2762; x_wconf 88' lang='lat' dir='ltr'><strong>itsque</strong></span> <span class='ocrx_word' id='word_1_310' title='bbox 1158 2714 1217 2748; x_wconf 87' lang='lat' dir='ltr'><strong>eon·</strong></span> 
     </span>
     <span class='ocr_line' id='line_1_28' title="bbox 116 2777 1217 2845; baseline 0.005 -21"><span class='ocrx_word' id='word_1_311' title='bbox 116 2777 241 2828; x_wconf 72' lang='lat' dir='ltr'><strong>unionem</strong></span> <span class='ocrx_word' id='word_1_312' title='bbox 257 2779 284 2828; x_wconf 90' lang='lat' dir='ltr'><strong>in</strong></span> <span class='ocrx_word' id='word_1_313' title='bbox 300 2779 355 2844; x_wconf 85' lang='lat' dir='ltr'><strong>ipss</strong></span> <span class='ocrx_word' id='word_1_314' title='bbox 370 2779 499 2844; x_wconf 82' lang='lat' dir='ltr'><strong>juventute</strong></span> <span class='ocrx_word' id='word_1_315' title='bbox 518 2780 602 2828; x_wconf 87' lang='lat' dir='ltr'><strong>libmm</strong></span> <span class='ocrx_word' id='word_1_316' title='bbox 613 2780 745 2844; x_wconf 87' lang='lat' dir='ltr'><strong>composui,</strong></span> <span class='ocrx_word' id='word_1_317' title='bbox 763 2795 833 2844; x_wconf 87' lang='lat' dir='ltr'><strong>quem</strong></span> <span class='ocrx_word' id='word_1_318' title='bbox 850 2777 978 2845; x_wconf 88' lang='lat' dir='ltr'><strong>rurripieus</strong></span> <span class='ocrx_word' id='word_1_319' title='bbox 996 2777 1114 2843; x_wconf 83' lang='lat' dir='ltr'><strong>quispism</strong></span> <span class='ocrx_word' id='word_1_320' title='bbox 1130 2779 1217 2840; x_wconf 89' lang='lat' dir='ltr'><strong>edidit,</strong></span> 
     </span>
     <span class='ocr_line' id='line_1_29' title="bbox 114 2858 1216 2926; baseline 0.004 -20"><span class='ocrx_word' id='word_1_321' title='bbox 114 2867 235 2924; x_wconf 70' lang='lat' dir='ltr'><strong>antequem</strong></span> <span class='ocrx_word' id='word_1_322' title='bbox 246 2861 381 2912; x_wconf 79' lang='lat' dir='ltr'><strong>eonsntnre</strong></span> <span class='ocrx_word' id='word_1_323' title='bbox 390 2861 449 2910; x_wconf 81' lang='lat' dir='ltr'><strong>milri</strong></span> <span class='ocrx_word' id='word_1_324' title='bbox 461 2861 551 2921; x_wconf 87' lang='lat' dir='ltr'><strong>liceret,</strong></span> <span class='ocrx_word' id='word_1_325' title='bbox 567 2877 598 2910; x_wconf 84' lang='lat' dir='ltr'><strong>sn</strong></span> <span class='ocrx_word' id='word_1_326' title='bbox 615 2861 749 2910; x_wconf 81' lang='lat' dir='ltr'><strong>efferendus</strong></span> <span class='ocrx_word' id='word_1_327' title='bbox 759 2869 821 2910; x_wconf 86' lang='lat' dir='ltr'><strong>esset</strong></span> <span class='ocrx_word' id='word_1_328' title='bbox 831 2859 855 2908; x_wconf 92' lang='lat' dir='ltr'><strong>in</strong></span> <span class='ocrx_word' id='word_1_329' title='bbox 867 2861 954 2918; x_wconf 86' lang='lat' dir='ltr'><strong>locem,</strong></span> <span class='ocrx_word' id='word_1_330' title='bbox 964 2875 1049 2910; x_wconf 84' lang='lat' dir='ltr'><strong>necue.</strong></span> <span class='ocrx_word' id='word_1_331' title='bbox 1083 2858 1112 2908; x_wconf 88' lang='lat' dir='ltr'><strong>ld</strong></span> <span class='ocrx_word' id='word_1_332' title='bbox 1123 2876 1179 2926; x_wconf 70' lang='lat' dir='ltr'><strong>ergo</strong></span> <span class='ocrx_word' id='word_1_333' title='bbox 1191 2869 1216 2910; x_wconf 89' lang='lat' dir='ltr'><strong>te</strong></span> 
     </span>
     <span class='ocr_line' id='line_1_30' title="bbox 115 2939 1215 3008; baseline 0.005 -21"><span class='ocrx_word' id='word_1_334' title='bbox 115 2939 180 3004; x_wconf 75' lang='lat' dir='ltr'><strong>fugit,</strong></span> <span class='ocrx_word' id='word_1_335' title='bbox 191 2959 206 2992; x_wconf 90' lang='grc' dir='ltr'><strong>ο</strong></span> <span class='ocrx_word' id='word_1_336' title='bbox 216 2943 335 3001; x_wconf 85' lang='lat' dir='ltr'><strong>Socrstss,</strong></span> <span class='ocrx_word' id='word_1_337' title='bbox 346 2944 411 3008; x_wconf 87' lang='lat' dir='ltr'><strong>quod</strong></span> <span class='ocrx_word' id='word_1_338' title='bbox 423 2942 552 3001; x_wconf 84' lang='lat' dir='ltr'><strong>existimes,</strong></span> <span class='ocrx_word' id='word_1_339' title='bbox 568 2957 616 2990; x_wconf 88' lang='lat' dir='ltr'><strong>nen</strong></span> <span class='ocrx_word' id='word_1_340' title='bbox 628 2958 642 2990; x_wconf 86' lang='lat' dir='ltr'><strong>s</strong></span> <span class='ocrx_word' id='word_1_341' title='bbox 655 2941 755 3005; x_wconf 79' lang='lat' dir='ltr'><strong>juvenili</strong></span> <span class='ocrx_word' id='word_1_342' title='bbox 767 2941 903 2998; x_wconf 82' lang='lat' dir='ltr'><strong>certsmine,</strong></span> <span class='ocrx_word' id='word_1_343' title='bbox 920 2942 962 2992; x_wconf 87' lang='lat' dir='ltr'><strong>sed</strong></span> <span class='ocrx_word' id='word_1_344' title='bbox 977 2955 992 2992; x_wconf 92' lang='lat' dir='ltr'><strong>s</strong></span> <span class='ocrx_word' id='word_1_345' title='bbox 1005 2941 1074 2992; x_wconf 79' lang='lat' dir='ltr'><strong>reniti</strong></span> <span class='ocrx_word' id='word_1_346' title='bbox 1084 2942 1215 2992; x_wconf 87' lang='lat' dir='ltr'><strong>smbitioue</strong></span> 
     </span>
     <span class='ocr_line' id='line_1_31' title="bbox 113 3020 1213 3090; baseline 0.002 -20"><span class='ocrx_word' id='word_1_347' title='bbox 113 3020 221 3086; x_wconf 87' lang='lat' dir='ltr'><strong>seriptum</strong></span> <span class='ocrx_word' id='word_1_348' title='bbox 237 3023 320 3074; x_wconf 86' lang='lat' dir='ltr'><strong>inisse.</strong></span> <span class='ocrx_word' id='word_1_349' title='bbox 353 3023 530 3082; x_wconf 71' lang='lat' dir='ltr'><strong>Verumtamen,</strong></span> <span class='ocrx_word' id='word_1_350' title='bbox 551 3031 579 3072; x_wconf 91' lang='lat' dir='ltr'><strong>nt</strong></span> <span class='ocrx_word' id='word_1_351' title='bbox 594 3024 654 3088; x_wconf 88' lang='lat' dir='ltr'><strong>diri,</strong></span> <span class='ocrx_word' id='word_1_352' title='bbox 671 3039 720 3072; x_wconf 89' lang='lat' dir='ltr'><strong>non</strong></span> <span class='ocrx_word' id='word_1_353' title='bbox 737 3024 818 3088; x_wconf 84' lang='lat' dir='ltr'><strong>inepto</strong></span> <span class='ocrx_word' id='word_1_354' title='bbox 837 3022 972 3088; x_wconf 72' lang='lat' dir='ltr'><strong>conjecisti.</strong></span> <span class='ocrx_word' id='word_1_355' title='bbox 1005 3022 1116 3088; x_wconf 78' lang='lat' dir='ltr'><strong>Accipio,</strong></span> <span class='ocrx_word' id='word_1_356' title='bbox 1133 3023 1213 3090; x_wconf 82' lang='lat' dir='ltr'><strong>iuquit</strong></span> 
     </span>
     <span class='ocr_line' id='line_1_32' title="bbox 114 3100 1212 3170; baseline 0 -18"><span class='ocrx_word' id='word_1_357' title='bbox 114 3100 224 3169; x_wconf 75' lang='lat' dir='ltr'><strong>Soerstm,</strong></span> <span class='ocrx_word' id='word_1_358' title='bbox 234 3112 262 3154; x_wconf 89' lang='lat' dir='ltr'><strong>et</strong></span> <span class='ocrx_word' id='word_1_359' title='bbox 272 3114 331 3170; x_wconf 87' lang='lat' dir='ltr'><strong>puto</strong></span> <span class='ocrx_word' id='word_1_360' title='bbox 342 3105 377 3154; x_wconf 90' lang='lat' dir='ltr'><strong>sic</strong></span> <span class='ocrx_word' id='word_1_361' title='bbox 390 3121 425 3165; x_wconf 88' lang='lat' dir='ltr'><strong>ss,</strong></span> <span class='ocrx_word' id='word_1_362' title='bbox 443 3114 472 3155; x_wconf 92' lang='lat' dir='ltr'><strong>ut</strong></span> <span class='ocrx_word' id='word_1_363' title='bbox 487 3105 556 3162; x_wconf 88' lang='lat' dir='ltr'><strong>dicis,</strong></span> <span class='ocrx_word' id='word_1_364' title='bbox 576 3105 670 3154; x_wconf 81' lang='lat' dir='ltr'><strong>lssbere.</strong></span> <span class='ocrx_word' id='word_1_365' title='bbox 704 3104 751 3152; x_wconf 83' lang='lat' dir='ltr'><strong>Sed</strong></span> <span class='ocrx_word' id='word_1_366' title='bbox 768 3105 813 3152; x_wconf 87' lang='lat' dir='ltr'><strong>hoc</strong></span> <span class='ocrx_word' id='word_1_367' title='bbox 827 3103 885 3152; x_wconf 84' lang='lat' dir='ltr'><strong>milri</strong></span> <span class='ocrx_word' id='word_1_368' title='bbox 903 3103 1030 3170; x_wconf 76' lang='lat' dir='ltr'><strong>responde,</strong></span> <span class='ocrx_word' id='word_1_369' title='bbox 1049 3111 1149 3168; x_wconf 83' lang='lat' dir='ltr'><strong>putesne</strong></span> <span class='ocrx_word' id='word_1_370' title='bbox 1160 3119 1212 3152; x_wconf 88' lang='lat' dir='ltr'><strong>esse</strong></span> 
     </span>
     <span class='ocr_line' id='line_1_33' title="bbox 115 3181 1213 3252; baseline -0.003 -18"><span class='ocrx_word' id='word_1_371' title='bbox 115 3181 185 3246; x_wconf 86' lang='lat' dir='ltr'><strong>ipstm</strong></span> <span class='ocrx_word' id='word_1_372' title='bbox 201 3185 367 3250; x_wconf 81' lang='lat' dir='ltr'><strong>perseipsum</strong></span> <span class='ocrx_word' id='word_1_373' title='bbox 378 3185 482 3250; x_wconf 86' lang='lat' dir='ltr'><strong>speeiem</strong></span> <span class='ocrx_word' id='word_1_374' title='bbox 492 3184 612 3252; x_wconf 80' lang='lat' dir='ltr'><strong>quendem</strong></span> <span class='ocrx_word' id='word_1_375' title='bbox 623 3183 801 3234; x_wconf 84' lang='lat' dir='ltr'><strong>similitudinis?</strong></span> <span class='ocrx_word' id='word_1_376' title='bbox 818 3184 891 3249; x_wconf 81' lang='lat' dir='ltr'><strong>[tue]</strong></span> <span class='ocrx_word' id='word_1_377' title='bbox 909 3191 934 3232; x_wconf 88' lang='lat' dir='ltr'><strong>et</strong></span> <span class='ocrx_word' id='word_1_378' title='bbox 944 3184 1001 3234; x_wconf 80' lang='lat' dir='ltr'><strong>uuio</strong></span> <span class='ocrx_word' id='word_1_379' title='bbox 1012 3183 1082 3234; x_wconf 73' lang='lat' dir='ltr'><strong>etism</strong></span> <span class='ocrx_word' id='word_1_380' title='bbox 1093 3184 1213 3248; x_wconf 77' lang='lat' dir='ltr'><strong>qusudnn</strong></span> 
     </span>
    </p>
   </div>
   <div class='ocr_carea' id='block_1_3' title="bbox 6 3263 1212 3332">
    <p class='ocr_par' dir='ltr' id='par_1_3' title="bbox 6 3263 1212 3332">
     <span class='ocr_line' id='line_1_34' title="bbox 6 3263 1212 3332; baseline -0.001 -22"><span class='ocrx_word' id='word_1_381' title='bbox 6 3279 7 3298; x_wconf 55' lang='grc' dir='ltr'><strong>ι</strong></span> <span class='ocrx_word' id='word_1_382' title='bbox 115 3267 248 3316; x_wconf 67' lang='lat' dir='ltr'><strong>contrutinet:</strong></span> <span class='ocrx_word' id='word_1_383' title='bbox 257 3267 455 3316; x_wconf 68' lang='lat' dir='ltr'><strong>dissimilitudinis</strong></span> <span class='ocrx_word' id='word_1_384' title='bbox 468 3267 591 3332; x_wconf 81' lang='lat' dir='ltr'><strong>speciem?</strong></span> <span class='ocrx_word' id='word_1_385' title='bbox 608 3267 730 3331; x_wconf 80' lang='lat' dir='ltr'><strong>inquibus</strong></span> <span class='ocrx_word' id='word_1_386' title='bbox 745 3267 838 3315; x_wconf 87' lang='lat' dir='ltr'><strong>dunbus</strong></span> <span class='ocrx_word' id='word_1_387' title='bbox 848 3273 873 3314; x_wconf 86' lang='lat' dir='ltr'><strong>et</strong></span> <span class='ocrx_word' id='word_1_388' title='bbox 890 3281 936 3330; x_wconf 75' lang='lat' dir='ltr'><strong>ego</strong></span> <span class='ocrx_word' id='word_1_389' title='bbox 948 3271 974 3314; x_wconf 87' lang='lat' dir='ltr'><strong>et</strong></span> <span class='ocrx_word' id='word_1_390' title='bbox 991 3271 1016 3312; x_wconf 88' lang='lat' dir='ltr'><strong>te</strong></span> <span class='ocrx_word' id='word_1_391' title='bbox 1032 3263 1212 3328; x_wconf 75' lang='lat' dir='ltr'><strong>participemus,</strong></span> 
     </span>
    </p>
   </div>
   <div class='ocr_carea' id='block_1_4' title="bbox 114 3341 1218 3901">
    <p class='ocr_par' dir='ltr' id='par_1_4' title="bbox 114 3341 1218 3901">
     <span class='ocr_line' id='line_1_35' title="bbox 115 3341 1212 3414; baseline -0.006 -17"><span class='ocrx_word' id='word_1_392' title='bbox 115 3352 139 3392; x_wconf 81' lang='lat' dir='ltr'><strong>tt</strong></span> <span class='ocrx_word' id='word_1_393' title='bbox 148 3345 200 3405; x_wconf 85' lang='lat' dir='ltr'><strong>slis,</strong></span> <span class='ocrx_word' id='word_1_394' title='bbox 210 3363 266 3412; x_wconf 85' lang='lat' dir='ltr'><strong>quse</strong></span> <span class='ocrx_word' id='word_1_395' title='bbox 277 3348 360 3414; x_wconf 83' lang='lat' dir='ltr'><strong>utique</strong></span> <span class='ocrx_word' id='word_1_396' title='bbox 372 3347 446 3398; x_wconf 86' lang='lat' dir='ltr'><strong>mults</strong></span> <span class='ocrx_word' id='word_1_397' title='bbox 457 3349 585 3399; x_wconf 73' lang='lat' dir='ltr'><strong>secunus?</strong></span> <span class='ocrx_word' id='word_1_398' title='bbox 602 3355 674 3414; x_wconf 84' lang='lat' dir='ltr'><strong>etque</strong></span> <span class='ocrx_word' id='word_1_399' title='bbox 689 3362 727 3404; x_wconf 89' lang='lat' dir='ltr'><strong>es,</strong></span> <span class='ocrx_word' id='word_1_400' title='bbox 747 3361 895 3412; x_wconf 75' lang='lat' dir='ltr'><strong>quecunque</strong></span> <span class='ocrx_word' id='word_1_401' title='bbox 909 3345 935 3394; x_wconf 90' lang='lat' dir='ltr'><strong>iu</strong></span> <span class='ocrx_word' id='word_1_402' title='bbox 951 3343 1105 3393; x_wconf 75' lang='lat' dir='ltr'><strong>similitudine</strong></span> <span class='ocrx_word' id='word_1_403' title='bbox 1115 3341 1212 3406; x_wconf 83' lang='lat' dir='ltr'><strong>pertici·</strong></span> 
     </span>
     <span class='ocr_line' id='line_1_36' title="bbox 114 3421 1214 3496; baseline -0.006 -17"><span class='ocrx_word' id='word_1_404' title='bbox 114 3435 179 3489; x_wconf 77' lang='lat' dir='ltr'><strong>peut,</strong></span> <span class='ocrx_word' id='word_1_405' title='bbox 189 3429 275 3478; x_wconf 83' lang='lat' dir='ltr'><strong>similis</strong></span> <span class='ocrx_word' id='word_1_406' title='bbox 284 3429 333 3480; x_wconf 84' lang='lat' dir='ltr'><strong>deri</strong></span> <span class='ocrx_word' id='word_1_407' title='bbox 340 3438 448 3488; x_wconf 87' lang='lat' dir='ltr'><strong>ertenns,</strong></span> <span class='ocrx_word' id='word_1_408' title='bbox 458 3439 576 3496; x_wconf 79' lang='lat' dir='ltr'><strong>quotenus</strong></span> <span class='ocrx_word' id='word_1_409' title='bbox 587 3429 749 3494; x_wconf 69' lang='lat' dir='ltr'><strong>participent?</strong></span> <span class='ocrx_word' id='word_1_410' title='bbox 766 3443 820 3492; x_wconf 74' lang='lat' dir='ltr'><strong>que</strong></span> <span class='ocrx_word' id='word_1_411' title='bbox 833 3441 888 3475; x_wconf 84' lang='lat' dir='ltr'><strong>vero</strong></span> <span class='ocrx_word' id='word_1_412' title='bbox 900 3422 1102 3486; x_wconf 73' lang='lat' dir='ltr'><strong>dissimilitudine,</strong></span> <span class='ocrx_word' id='word_1_413' title='bbox 1112 3421 1214 3472; x_wconf 87' lang='lat' dir='ltr'><strong>dissimi-</strong></span> 
     </span>
     <span class='ocr_line' id='line_1_37' title="bbox 114 3503 1213 3578; baseline -0.003 -23"><span class='ocrx_word' id='word_1_414' title='bbox 114 3505 163 3556; x_wconf 82' lang='lat' dir='ltr'><strong>lier</strong></span> <span class='ocrx_word' id='word_1_415' title='bbox 179 3517 204 3558; x_wconf 88' lang='lat' dir='ltr'><strong>et</strong></span> <span class='ocrx_word' id='word_1_416' title='bbox 217 3525 271 3574; x_wconf 84' lang='lat' dir='ltr'><strong>quse</strong></span> <span class='ocrx_word' id='word_1_417' title='bbox 282 3512 396 3577; x_wconf 85' lang='lat' dir='ltr'><strong>utrisque,</strong></span> <span class='ocrx_word' id='word_1_418' title='bbox 415 3512 533 3578; x_wconf 83' lang='lat' dir='ltr'><strong>utreque?</strong></span> <span class='ocrx_word' id='word_1_419' title='bbox 567 3511 641 3568; x_wconf 87' lang='lat' dir='ltr'><strong>Quod</strong></span> <span class='ocrx_word' id='word_1_420' title='bbox 653 3509 672 3559; x_wconf 89' lang='lat' dir='ltr'><strong>si</strong></span> <span class='ocrx_word' id='word_1_421' title='bbox 684 3509 763 3559; x_wconf 87' lang='lat' dir='ltr'><strong>omnis</strong></span> <span class='ocrx_word' id='word_1_422' title='bbox 774 3507 799 3557; x_wconf 91' lang='lat' dir='ltr'><strong>in</strong></span> <span class='ocrx_word' id='word_1_423' title='bbox 812 3507 917 3571; x_wconf 87' lang='lat' dir='ltr'><strong>utrisque</strong></span> <span class='ocrx_word' id='word_1_424' title='bbox 929 3504 1050 3555; x_wconf 78' lang='lat' dir='ltr'><strong>contrariis</strong></span> <span class='ocrx_word' id='word_1_425' title='bbox 1059 3503 1213 3554; x_wconf 79' lang='lat' dir='ltr'><strong>existentibus</strong></span> 
     </span>
     <span class='ocr_line' id='line_1_38' title="bbox 116 3585 1218 3658; baseline -0.003 -21"><span class='ocrx_word' id='word_1_426' title='bbox 116 3589 273 3655; x_wconf 78' lang='lat' dir='ltr'><strong>participent:</strong></span> <span class='ocrx_word' id='word_1_427' title='bbox 289 3599 314 3643; x_wconf 86' lang='lat' dir='ltr'><strong>el</strong></span> <span class='ocrx_word' id='word_1_428' title='bbox 326 3595 383 3658; x_wconf 81' lang='lat' dir='ltr'><strong>quis</strong></span> <span class='ocrx_word' id='word_1_429' title='bbox 392 3601 543 3657; x_wconf 87' lang='lat' dir='ltr'><strong>utrorumque</strong></span> <span class='ocrx_word' id='word_1_430' title='bbox 556 3590 680 3655; x_wconf 73' lang='lat' dir='ltr'><strong>participis</strong></span> <span class='ocrx_word' id='word_1_431' title='bbox 692 3597 755 3647; x_wconf 89' lang='lat' dir='ltr'><strong>suut,</strong></span> <span class='ocrx_word' id='word_1_432' title='bbox 772 3585 858 3638; x_wconf 87' lang='lat' dir='ltr'><strong>similis</strong></span> <span class='ocrx_word' id='word_1_433' title='bbox 871 3595 897 3636; x_wconf 86' lang='lat' dir='ltr'><strong>et</strong></span> <span class='ocrx_word' id='word_1_434' title='bbox 911 3586 1033 3636; x_wconf 81' lang='lat' dir='ltr'><strong>dissimilia</strong></span> <span class='ocrx_word' id='word_1_435' title='bbox 1043 3586 1103 3636; x_wconf 85' lang='lat' dir='ltr'><strong>inter</strong></span> <span class='ocrx_word' id='word_1_436' title='bbox 1112 3600 1137 3634; x_wconf 87' lang='lat' dir='ltr'><strong>se</strong></span> <span class='ocrx_word' id='word_1_437' title='bbox 1148 3594 1218 3653; x_wconf 73' lang='lat' dir='ltr'><strong>sunt,</strong></span> 
     </span>
     <span class='ocr_line' id='line_1_39' title="bbox 115 3666 1213 3738; baseline -0.002 -20"><span class='ocrx_word' id='word_1_438' title='bbox 115 3669 170 3732; x_wconf 91' lang='lat' dir='ltr'><strong>quid</strong></span> <span class='ocrx_word' id='word_1_439' title='bbox 180 3671 283 3722; x_wconf 79' lang='lat' dir='ltr'><strong>mirum?</strong></span> <span class='ocrx_word' id='word_1_440' title='bbox 317 3674 407 3738; x_wconf 83' lang='lat' dir='ltr'><strong>Siquis</strong></span> <span class='ocrx_word' id='word_1_441' title='bbox 420 3674 483 3722; x_wconf 86' lang='lat' dir='ltr'><strong>enirn</strong></span> <span class='ocrx_word' id='word_1_442' title='bbox 495 3673 547 3738; x_wconf 88' lang='lat' dir='ltr'><strong>ipss</strong></span> <span class='ocrx_word' id='word_1_443' title='bbox 563 3672 648 3721; x_wconf 85' lang='lat' dir='ltr'><strong>similis</strong></span> <span class='ocrx_word' id='word_1_444' title='bbox 664 3669 787 3722; x_wconf 86' lang='lat' dir='ltr'><strong>dissimilis</strong></span> <span class='ocrx_word' id='word_1_445' title='bbox 802 3685 853 3719; x_wconf 87' lang='lat' dir='ltr'><strong>esse</strong></span> <span class='ocrx_word' id='word_1_446' title='bbox 868 3669 967 3732; x_wconf 83' lang='lat' dir='ltr'><strong>diceret,</strong></span> <span class='ocrx_word' id='word_1_447' title='bbox 979 3669 1016 3717; x_wconf 79' lang='lat' dir='ltr'><strong>ecl</strong></span> <span class='ocrx_word' id='word_1_448' title='bbox 1027 3666 1149 3718; x_wconf 86' lang='lat' dir='ltr'><strong>dissimilis</strong></span> <span class='ocrx_word' id='word_1_449' title='bbox 1160 3669 1213 3732; x_wconf 85' lang='lat' dir='ltr'><strong>ipse</strong></span> 
     </span>
     <span class='ocr_line' id='line_1_40' title="bbox 116 3748 1212 3820; baseline -0.004 -18"><span class='ocrx_word' id='word_1_450' title='bbox 116 3750 195 3802; x_wconf 78' lang='lat' dir='ltr'><strong>ciuilis</strong></span> <span class='ocrx_word' id='word_1_451' title='bbox 206 3770 214 3817; x_wconf 64' lang='grc' dir='ltr'><strong>ς</strong></span> <span class='ocrx_word' id='word_1_452' title='bbox 231 3761 362 3806; x_wconf 84' lang='lat' dir='ltr'><strong>monstrum</strong></span> <span class='ocrx_word' id='word_1_453' title='bbox 373 3756 504 3820; x_wconf 84' lang='lat' dir='ltr'><strong>qneddsm,</strong></span> <span class='ocrx_word' id='word_1_454' title='bbox 514 3761 541 3803; x_wconf 92' lang='lat' dir='ltr'><strong>ut</strong></span> <span class='ocrx_word' id='word_1_455' title='bbox 552 3753 659 3813; x_wconf 73' lang='lat' dir='ltr'><strong>arbitror,</strong></span> <span class='ocrx_word' id='word_1_456' title='bbox 670 3761 741 3803; x_wconf 88' lang='lat' dir='ltr'><strong>esset.</strong></span> <span class='ocrx_word' id='word_1_457' title='bbox 757 3752 792 3801; x_wconf 90' lang='lat' dir='ltr'><strong>sin</strong></span> <span class='ocrx_word' id='word_1_458' title='bbox 804 3759 882 3801; x_wconf 68' lang='lat' dir='ltr'><strong>summ</strong></span> <span class='ocrx_word' id='word_1_459' title='bbox 894 3749 1060 3816; x_wconf 81' lang='lat' dir='ltr'><strong>perticipsntis</strong></span> <span class='ocrx_word' id='word_1_460' title='bbox 1068 3749 1095 3798; x_wconf 91' lang='lat' dir='ltr'><strong>in</strong></span> <span class='ocrx_word' id='word_1_461' title='bbox 1106 3748 1212 3812; x_wconf 88' lang='lat' dir='ltr'><strong>utrisque</strong></span> 
     </span>
     <span class='ocr_line' id='line_1_41' title="bbox 116 3831 1212 3901; baseline -0.003 -18"><span class='ocrx_word' id='word_1_462' title='bbox 116 3833 226 3899; x_wconf 86' lang='lat' dir='ltr'><strong>quispism</strong></span> <span class='ocrx_word' id='word_1_463' title='bbox 239 3843 339 3900; x_wconf 80' lang='lat' dir='ltr'><strong>utroque</strong></span> <span class='ocrx_word' id='word_1_464' title='bbox 347 3837 397 3901; x_wconf 87' lang='lat' dir='ltr'><strong>psti</strong></span> <span class='ocrx_word' id='word_1_465' title='bbox 406 3843 527 3899; x_wconf 80' lang='lat' dir='ltr'><strong>resereret,</strong></span> <span class='ocrx_word' id='word_1_466' title='bbox 537 3835 596 3885; x_wconf 84' lang='lat' dir='ltr'><strong>nihil</strong></span> <span class='ocrx_word' id='word_1_467' title='bbox 607 3837 698 3900; x_wconf 82' lang='lat' dir='ltr'><strong>mihi‚o</strong></span> <span class='ocrx_word' id='word_1_468' title='bbox 711 3833 802 3899; x_wconf 84' lang='lat' dir='ltr'><strong>Zenon,</strong></span> <span class='ocrx_word' id='word_1_469' title='bbox 816 3833 947 3884; x_wconf 76' lang='lat' dir='ltr'><strong>mirensium</strong></span> <span class='ocrx_word' id='word_1_470' title='bbox 964 3831 1015 3882; x_wconf 73' lang='lat' dir='ltr'><strong>esre</strong></span> <span class='ocrx_word' id='word_1_471' title='bbox 1026 3831 1152 3880; x_wconf 83' lang='lat' dir='ltr'><strong>rideretur.</strong></span> <span class='ocrx_word' id='word_1_472' title='bbox 1169 3845 1212 3880; x_wconf 85' lang='lat' dir='ltr'><strong>ne·</strong></span> 
     </span>
    </p>
   </div>
   <div class='ocr_carea' id='block_1_5' title="bbox 6 3907 1211 3981">
    <p class='ocr_par' dir='ltr' id='par_1_5' title="bbox 6 3907 1211 3981">
     <span class='ocr_line' id='line_1_42' title="bbox 6 3907 1211 3981; baseline -0.008 -14"><span class='ocrx_word' id='word_1_473' title='bbox 6 3911 7 3928; x_wconf 60' lang='lat'>¹</span> <span class='ocrx_word' id='word_1_474' title='bbox 116 3929 160 3979; x_wconf 79' lang='lat' dir='ltr'><strong>que</strong></span> <span class='ocrx_word' id='word_1_475' title='bbox 169 3915 241 3966; x_wconf 80' lang='lat' dir='ltr'><strong>etism</strong></span> <span class='ocrx_word' id='word_1_476' title='bbox 252 3917 278 3964; x_wconf 92' lang='lat' dir='ltr'><strong>id</strong></span> <span class='ocrx_word' id='word_1_477' title='bbox 289 3917 393 3973; x_wconf 85' lang='lat' dir='ltr'><strong>mirerer,</strong></span> <span class='ocrx_word' id='word_1_478' title='bbox 401 3917 421 3965; x_wconf 92' lang='lat' dir='ltr'><strong>si</strong></span> <span class='ocrx_word' id='word_1_479' title='bbox 431 3917 484 3981; x_wconf 89' lang='lat' dir='ltr'><strong>quis</strong></span> <span class='ocrx_word' id='word_1_480' title='bbox 495 3923 582 3966; x_wconf 83' lang='lat' dir='ltr'><strong>cuncte</strong></span> <span class='ocrx_word' id='word_1_481' title='bbox 593 3931 666 3964; x_wconf 89' lang='lat' dir='ltr'><strong>unum</strong></span> <span class='ocrx_word' id='word_1_482' title='bbox 681 3915 779 3974; x_wconf 87' lang='lat' dir='ltr'><strong>diceret,</strong></span> <span class='ocrx_word' id='word_1_483' title='bbox 789 3931 819 3964; x_wconf 83' lang='lat' dir='ltr'><strong>er</strong></span> <span class='ocrx_word' id='word_1_484' title='bbox 830 3931 869 3980; x_wconf 83' lang='lat' dir='ltr'><strong>eo,</strong></span> <span class='ocrx_word' id='word_1_485' title='bbox 879 3907 944 3980; x_wconf 87' lang='lat' dir='ltr'><strong>quod</strong></span> <span class='ocrx_word' id='word_1_486' title='bbox 956 3913 981 3962; x_wconf 88' lang='lat' dir='ltr'><strong>in</strong></span> <span class='ocrx_word' id='word_1_487' title='bbox 991 3928 1039 3961; x_wconf 90' lang='lat' dir='ltr'><strong>uuo</strong></span> <span class='ocrx_word' id='word_1_488' title='bbox 1050 3911 1211 3976; x_wconf 78' lang='lat' dir='ltr'><strong>participent3</strong></span> 
     </span>
    </p>
   </div>
   <div class='ocr_carea' id='block_1_6' title="bbox 116 3989 1213 4224">
    <p class='ocr_par' dir='ltr' id='par_1_6' title="bbox 116 3989 1213 4224">
     <span class='ocr_line' id='line_1_43' title="bbox 116 3989 1213 4062; baseline -0.004 -18"><span class='ocrx_word' id='word_1_489' title='bbox 116 4003 181 4062; x_wconf 83' lang='lat' dir='ltr'><strong>stqne</strong></span> <span class='ocrx_word' id='word_1_490' title='bbox 197 3999 252 4045; x_wconf 76' lang='lat' dir='ltr'><strong>hmo</strong></span> <span class='ocrx_word' id='word_1_491' title='bbox 270 3996 355 4043; x_wconf 83' lang='lat' dir='ltr'><strong>eedem</strong></span> <span class='ocrx_word' id='word_1_492' title='bbox 373 4012 450 4046; x_wconf 85' lang='lat' dir='ltr'><strong>rursus</strong></span> <span class='ocrx_word' id='word_1_493' title='bbox 467 3997 550 4054; x_wconf 78' lang='lat' dir='ltr'><strong>mults,</strong></span> <span class='ocrx_word' id='word_1_494' title='bbox 569 3997 625 4062; x_wconf 88' lang='lat' dir='ltr'><strong>quis</strong></span> <span class='ocrx_word' id='word_1_495' title='bbox 643 3997 668 4046; x_wconf 87' lang='lat' dir='ltr'><strong>ln</strong></span> <span class='ocrx_word' id='word_1_496' title='bbox 687 3996 838 4046; x_wconf 86' lang='lat' dir='ltr'><strong>multitudine</strong></span> <span class='ocrx_word' id='word_1_497' title='bbox 853 4011 948 4060; x_wconf 88' lang='lat' dir='ltr'><strong>quoque</strong></span> <span class='ocrx_word' id='word_1_498' title='bbox 962 3992 1115 4058; x_wconf 83' lang='lat' dir='ltr'><strong>perticipsut.</strong></span> <span class='ocrx_word' id='word_1_499' title='bbox 1147 3989 1213 4040; x_wconf 77' lang='lat' dir='ltr'><strong>Arsi</strong></span> 
     </span>
     <span class='ocr_line' id='line_1_44' title="bbox 117 4069 1211 4144; baseline -0.023 -2"><span class='ocrx_word' id='word_1_500' title='bbox 117 4079 176 4142; x_wconf 59' lang='lat' dir='ltr'><strong>imi</strong></span> <span class='ocrx_word' id='word_1_501' title='bbox 186 4079 269 4144; x_wconf 60' lang='grc' dir='ltr'><strong>ΨΜ</strong></span> <span class='ocrx_word' id='word_1_502' title='bbox 281 4089 353 4122; x_wconf 72' lang='lat'><strong>⁰¹¹⁰¹¹¹</strong></span> <span class='ocrx_word' id='word_1_503' title='bbox 372 4083 417 4134; x_wconf 58' lang='grc' dir='ltr'><strong>ω.</strong></span> <span class='ocrx_word' id='word_1_504' title='bbox 433 4077 479 4126; x_wconf 77' lang='lat' dir='ltr'><strong>hoc</strong></span> <span class='ocrx_word' id='word_1_505' title='bbox 489 4075 566 4141; x_wconf 90' lang='lat' dir='ltr'><strong>ipsum</strong></span> <span class='ocrx_word' id='word_1_506' title='bbox 578 4077 651 4126; x_wconf 89' lang='lat' dir='ltr'><strong>mults</strong></span> <span class='ocrx_word' id='word_1_507' title='bbox 660 4093 711 4128; x_wconf 84' lang='lat' dir='ltr'><strong>esso</strong></span> <span class='ocrx_word' id='word_1_508' title='bbox 723 4076 861 4133; x_wconf 84' lang='lat' dir='ltr'><strong>ostenderit,</strong></span> <span class='ocrx_word' id='word_1_509' title='bbox 878 4076 965 4139; x_wconf 80' lang='lat' dir='ltr'><strong>etipse</strong></span> <span class='ocrx_word' id='word_1_510' title='bbox 981 4073 1055 4122; x_wconf 84' lang='lat' dir='ltr'><strong>mults</strong></span> <span class='ocrx_word' id='word_1_511' title='bbox 1066 4085 1146 4128; x_wconf 86' lang='lat' dir='ltr'><strong>unum,</strong></span> <span class='ocrx_word' id='word_1_512' title='bbox 1160 4069 1211 4134; x_wconf 86' lang='lat' dir='ltr'><strong>jssn</strong></span> 
     </span>
     <span class='ocr_line' id='line_1_45' title="bbox 116 4150 1213 4224; baseline -0.008 -18"><span class='ocrx_word' id='word_1_513' title='bbox 116 4171 260 4224; x_wconf 77' lang='lat' dir='ltr'><strong>summopere</strong></span> <span class='ocrx_word' id='word_1_514' title='bbox 271 4153 412 4208; x_wconf 76' lang='lat' dir='ltr'><strong>sdminbor.</strong></span> <span class='ocrx_word' id='word_1_515' title='bbox 428 4171 457 4204; x_wconf 85' lang='lat' dir='ltr'><strong>so</strong></span> <span class='ocrx_word' id='word_1_516' title='bbox 475 4157 507 4204; x_wconf 88' lang='lat' dir='ltr'><strong>de</strong></span> <span class='ocrx_word' id='word_1_517' title='bbox 518 4156 601 4205; x_wconf 87' lang='lat' dir='ltr'><strong>ceteris</strong></span> <span class='ocrx_word' id='word_1_518' title='bbox 612 4158 721 4206; x_wconf 88' lang='lat' dir='ltr'><strong>omnibus</strong></span> <span class='ocrx_word' id='word_1_519' title='bbox 731 4158 815 4206; x_wconf 87' lang='lat' dir='ltr'><strong>eodem</strong></span> <span class='ocrx_word' id='word_1_520' title='bbox 826 4157 908 4206; x_wconf 89' lang='lat' dir='ltr'><strong>modo.</strong></span> <span class='ocrx_word' id='word_1_521' title='bbox 926 4169 981 4204; x_wconf 81' lang='lat' dir='ltr'><strong>nem</strong></span> <span class='ocrx_word' id='word_1_522' title='bbox 992 4153 1014 4202; x_wconf 90' lang='lat' dir='ltr'><strong>ri</strong></span> <span class='ocrx_word' id='word_1_523' title='bbox 1031 4165 1116 4216; x_wconf 75' lang='lat' dir='ltr'><strong>genere</strong></span> <span class='ocrx_word' id='word_1_524' title='bbox 1126 4150 1178 4212; x_wconf 88' lang='lat' dir='ltr'><strong>ipss</strong></span> <span class='ocrx_word' id='word_1_525' title='bbox 1188 4155 1213 4198; x_wconf 84' lang='lat' dir='ltr'><strong>et</strong></span> 
     </span>
    </p>
   </div>
   <div class='ocr_carea' id='block_1_7' title="bbox 6 4231 1212 4302">
    <p class='ocr_par' dir='ltr' id='par_1_7' title="bbox 6 4231 1212 4302">
     <span class='ocr_line' id='line_1_46' title="bbox 6 4231 1212 4302; baseline -0.009 -13"><span class='ocrx_word' id='word_1_526' title='bbox 6 4249 8 4268; x_wconf 70' lang='lat'><em>&#39;</em></span> <span class='ocrx_word' id='word_1_527' title='bbox 116 4239 203 4302; x_wconf 83' lang='lat' dir='ltr'><strong>species</strong></span> <span class='ocrx_word' id='word_1_528' title='bbox 213 4239 240 4286; x_wconf 90' lang='lat' dir='ltr'><strong>ln</strong></span> <span class='ocrx_word' id='word_1_529' title='bbox 252 4253 278 4286; x_wconf 88' lang='lat' dir='ltr'><strong>se</strong></span> <span class='ocrx_word' id='word_1_530' title='bbox 289 4235 346 4300; x_wconf 86' lang='lat' dir='ltr'><strong>ipsis</strong></span> <span class='ocrx_word' id='word_1_531' title='bbox 358 4243 444 4284; x_wconf 86' lang='lat' dir='ltr'><strong>esserst</strong></span> <span class='ocrx_word' id='word_1_532' title='bbox 455 4235 501 4284; x_wconf 80' lang='lat' dir='ltr'><strong>ists</strong></span> <span class='ocrx_word' id='word_1_533' title='bbox 511 4237 627 4284; x_wconf 76' lang='lat' dir='ltr'><strong>corrueris</strong></span> <span class='ocrx_word' id='word_1_534' title='bbox 636 4237 662 4284; x_wconf 92' lang='lat' dir='ltr'><strong>in</strong></span> <span class='ocrx_word' id='word_1_535' title='bbox 672 4253 697 4286; x_wconf 86' lang='lat' dir='ltr'><strong>se</strong></span> <span class='ocrx_word' id='word_1_536' title='bbox 708 4238 821 4301; x_wconf 81' lang='lat' dir='ltr'><strong>recipere,</strong></span> <span class='ocrx_word' id='word_1_537' title='bbox 831 4236 985 4284; x_wconf 89' lang='lat' dir='ltr'><strong>sdmirntione</strong></span> <span class='ocrx_word' id='word_1_538' title='bbox 996 4231 1103 4297; x_wconf 85' lang='lat' dir='ltr'><strong>proiecto</strong></span> <span class='ocrx_word' id='word_1_539' title='bbox 1113 4231 1212 4294; x_wconf 73' lang='lat' dir='ltr'><strong>dignum</strong></span> 
     </span>
    </p>
   </div>
   <div class='ocr_carea' id='block_1_8' title="bbox 116 4311 1213 4631">
    <p class='ocr_par' dir='ltr' id='par_1_8' title="bbox 116 4311 1213 4631">
     <span class='ocr_line' id='line_1_47' title="bbox 116 4311 1213 4380; baseline -0.008 -12"><span class='ocrx_word' id='word_1_540' title='bbox 116 4320 166 4370; x_wconf 83' lang='lat' dir='ltr'><strong>erit.</strong></span> <span class='ocrx_word' id='word_1_541' title='bbox 198 4317 296 4368; x_wconf 80' lang='lat' dir='ltr'><strong>Etenim</strong></span> <span class='ocrx_word' id='word_1_542' title='bbox 312 4317 333 4366; x_wconf 91' lang='lat' dir='ltr'><strong>ri</strong></span> <span class='ocrx_word' id='word_1_543' title='bbox 349 4317 403 4380; x_wconf 85' lang='lat' dir='ltr'><strong>quis</strong></span> <span class='ocrx_word' id='word_1_544' title='bbox 421 4333 458 4365; x_wconf 87' lang='lat' dir='ltr'><strong>me</strong></span> <span class='ocrx_word' id='word_1_545' title='bbox 476 4331 548 4364; x_wconf 87' lang='lat' dir='ltr'><strong>unutn</strong></span> <span class='ocrx_word' id='word_1_546' title='bbox 560 4331 587 4364; x_wconf 85' lang='lat' dir='ltr'><strong>ec</strong></span> <span class='ocrx_word' id='word_1_547' title='bbox 600 4317 673 4366; x_wconf 83' lang='lat' dir='ltr'><strong>mults</strong></span> <span class='ocrx_word' id='word_1_548' title='bbox 683 4333 734 4366; x_wconf 85' lang='lat' dir='ltr'><strong>esse</strong></span> <span class='ocrx_word' id='word_1_549' title='bbox 745 4319 898 4376; x_wconf 85' lang='lat' dir='ltr'><strong>demonstret,</strong></span> <span class='ocrx_word' id='word_1_550' title='bbox 911 4331 952 4363; x_wconf 91' lang='lat' dir='ltr'><strong>cur</strong></span> <span class='ocrx_word' id='word_1_551' title='bbox 963 4312 1092 4362; x_wconf 75' lang='lat' dir='ltr'><strong>mirandum</strong></span> <span class='ocrx_word' id='word_1_552' title='bbox 1103 4327 1110 4360; x_wconf 73' lang='grc' dir='ltr'><strong>ι</strong></span> <span class='ocrx_word' id='word_1_553' title='bbox 1128 4311 1148 4360; x_wconf 91' lang='lat' dir='ltr'><strong>si</strong></span> <span class='ocrx_word' id='word_1_554' title='bbox 1158 4311 1213 4377; x_wconf 90' lang='lat' dir='ltr'><strong>qui·</strong></span> 
     </span>
     <span class='ocr_line' id='line_1_48' title="bbox 117 4392 1210 4455; baseline -0.005 -7"><span class='ocrx_word' id='word_1_555' title='bbox 117 4398 168 4448; x_wconf 85' lang='lat' dir='ltr'><strong>dero</strong></span> <span class='ocrx_word' id='word_1_556' title='bbox 179 4399 260 4449; x_wconf 87' lang='lat' dir='ltr'><strong>solens</strong></span> <span class='ocrx_word' id='word_1_557' title='bbox 269 4397 345 4448; x_wconf 80' lang='lat' dir='ltr'><strong>mults</strong></span> <span class='ocrx_word' id='word_1_558' title='bbox 358 4414 394 4447; x_wconf 89' lang='lat' dir='ltr'><strong>ms</strong></span> <span class='ocrx_word' id='word_1_559' title='bbox 405 4412 515 4455; x_wconf 83' lang='lat' dir='ltr'><strong>reserere,</strong></span> <span class='ocrx_word' id='word_1_560' title='bbox 526 4395 611 4446; x_wconf 84' lang='lat' dir='ltr'><strong>dixerit</strong></span> <span class='ocrx_word' id='word_1_561' title='bbox 621 4396 669 4446; x_wconf 84' lang='lat' dir='ltr'><strong>slis</strong></span> <span class='ocrx_word' id='word_1_562' title='bbox 678 4413 730 4446; x_wconf 85' lang='lat' dir='ltr'><strong>esse</strong></span> <span class='ocrx_word' id='word_1_563' title='bbox 741 4397 837 4446; x_wconf 81' lang='lat' dir='ltr'><strong>dentem</strong></span> <span class='ocrx_word' id='word_1_564' title='bbox 847 4411 907 4454; x_wconf 88' lang='lat' dir='ltr'><strong>mes,</strong></span> <span class='ocrx_word' id='word_1_565' title='bbox 918 4395 1011 4444; x_wconf 83' lang='lat' dir='ltr'><strong>ninistrs</strong></span> <span class='ocrx_word' id='word_1_566' title='bbox 1021 4393 1075 4451; x_wconf 84' lang='lat' dir='ltr'><strong>slis,</strong></span> <span class='ocrx_word' id='word_1_567' title='bbox 1087 4392 1133 4444; x_wconf 83' lang='lat' dir='ltr'><strong>elis</strong></span> <span class='ocrx_word' id='word_1_568' title='bbox 1143 4402 1210 4442; x_wconf 84' lang='lat' dir='ltr'><strong>ente·</strong></span> 
     </span>
     <span class='ocr_line' id='line_1_49' title="bbox 117 4475 1210 4546; baseline -0.003 -20"><span class='ocrx_word' id='word_1_569' title='bbox 117 4479 182 4540; x_wconf 80' lang='lat' dir='ltr'><strong>rien,</strong></span> <span class='ocrx_word' id='word_1_570' title='bbox 199 4481 247 4528; x_wconf 80' lang='lat' dir='ltr'><strong>slis</strong></span> <span class='ocrx_word' id='word_1_571' title='bbox 261 4479 399 4544; x_wconf 83' lang='lat' dir='ltr'><strong>posteriore,</strong></span> <span class='ocrx_word' id='word_1_572' title='bbox 417 4488 442 4530; x_wconf 90' lang='lat' dir='ltr'><strong>et</strong></span> <span class='ocrx_word' id='word_1_573' title='bbox 462 4478 583 4544; x_wconf 84' lang='lat' dir='ltr'><strong>superiore</strong></span> <span class='ocrx_word' id='word_1_574' title='bbox 600 4478 705 4546; x_wconf 86' lang='lat' dir='ltr'><strong>denique</strong></span> <span class='ocrx_word' id='word_1_575' title='bbox 728 4494 756 4528; x_wconf 85' lang='lat' dir='ltr'><strong>cc</strong></span> <span class='ocrx_word' id='word_1_576' title='bbox 782 4476 892 4526; x_wconf 77' lang='lat' dir='ltr'><strong>inferiore</strong></span> <span class='ocrx_word' id='word_1_577' title='bbox 908 4477 1026 4526; x_wconf 84' lang='lat' dir='ltr'><strong>similiter:</strong></span> <span class='ocrx_word' id='word_1_578' title='bbox 1052 4475 1210 4524; x_wconf 89' lang='lat' dir='ltr'><strong>multitudinis</strong></span> 
     </span>
     <span class='ocr_line' id='line_1_50' title="bbox 118 4557 1210 4631; baseline -0.005 -18"><span class='ocrx_word' id='word_1_579' title='bbox 118 4559 213 4626; x_wconf 77' lang='lat' dir='ltr'><strong>quippe,</strong></span> <span class='ocrx_word' id='word_1_580' title='bbox 224 4561 367 4631; x_wconf 73' lang='lat' dir='ltr'><strong>eumitren,</strong></span> <span class='ocrx_word' id='word_1_581' title='bbox 379 4562 496 4628; x_wconf 78' lang='lat' dir='ltr'><strong>psru‘eeps</strong></span> <span class='ocrx_word' id='word_1_582' title='bbox 507 4561 558 4628; x_wconf 86' lang='lat' dir='ltr'><strong>ipse</strong></span> <span class='ocrx_word' id='word_1_583' title='bbox 570 4576 629 4614; x_wconf 83' lang='lat' dir='ltr'><strong>suns.</strong></span> <span class='ocrx_word' id='word_1_584' title='bbox 645 4568 671 4613; x_wconf 88' lang='lat' dir='ltr'><strong>et</strong></span> <span class='ocrx_word' id='word_1_585' title='bbox 686 4560 783 4628; x_wconf 81' lang='lat' dir='ltr'><strong>quondo</strong></span> <span class='ocrx_word' id='word_1_586' title='bbox 801 4574 921 4610; x_wconf 87' lang='lat' dir='ltr'><strong>uuumme</strong></span> <span class='ocrx_word' id='word_1_587' title='bbox 932 4557 1054 4610; x_wconf 86' lang='lat' dir='ltr'><strong>ostendere</strong></span> <span class='ocrx_word' id='word_1_588' title='bbox 1065 4557 1133 4624; x_wconf 66' lang='lat' dir='ltr'><strong>uelit,</strong></span> <span class='ocrx_word' id='word_1_589' title='bbox 1143 4559 1210 4608; x_wconf 87' lang='lat' dir='ltr'><strong>dire·</strong></span> 
     </span>
    </p>
   </div>
   <div class='ocr_carea' id='block_1_9' title="bbox 0 0 1578 5316">
    <p class='ocr_par' dir='ltr' id='par_1_9' title="bbox 0 0 1578 5316">
     <span class='ocr_line' id='line_1_51' title="bbox 0 0 1578 5316; baseline 0 1"><span class='ocrx_word' id='word_1_590' title='bbox 0 0 1578 5316; x_wconf 95' lang='lat' dir='ltr'><strong> </strong></span> 
     </span>
    </p>
   </div>
  </div>
 </body>
</html>
