3144 5310
157 545 230 625 ιιι]
574 517 836 607 τιιιρτιιτυεζ
1195 552 1256 621 2³9

160 705 332 771 responderes?
363 703 431 754 tn.
446 703 471 755 Sl
481 703 547 769 quod
560 702 619 753 milri
628 703 729 760 ridetur.
739 719 755 750 ο
765 703 885 762 δσιιιίιι,
894 703 924 753 ed
940 704 1003 756 barre
1011 707 1166 772 quesumus
1175 718 1257 775 protu-

158 775 219 843 lero,
228 802 275 835 uon
287 801 355 851 posse
363 787 512 836 emererabo.
528 786 565 834 sin
577 793 655 834 sotem
670 785 700 832 ad
709 783 852 848 superiorem
862 785 1004 848 positionem
1015 801 1147 852 respexero,
1158 806 1189 840 ne
1197 794 1258 844 mihi

159 865 375 931 iurte‘repugs'eru,
387 875 457 930 poste
475 867 563 915 dicen.
596 865 640 914 So.
656 865 724 912 Beue
739 874 812 928 atque
831 865 923 925 divise,
934 881 975 930 per
991 866 1121 926 Juooueur‚
1137 886 1153 920 o
1171 872 1256 922 smine·

158 943 222 1010 Ergo
232 946 253 994 si
263 961 330 1010 posse
347 947 506 1010 responderis,
525 944 648 1008 iiuripidis
662 943 722 992 illud
740 945 843 996 eveniet·
859 946 928 994 uobis
946 947 1008 1006 euim
1018 948 1101 1012 liugos
1111 965 1160 998 uon
1176 951 1255 1002 reder-

157 1020 225 1090 ¹gnte.
233 1043 299 1076 resne
311 1036 389 1076 tamen
401 1027 526 1091 redarguta
540 1025 593 1089 jem
602 1025 656 1074 erit.
687 1023 754 1073 Tus.
770 1025 810 1074 Sic
821 1033 893 1074 terte.
924 1027 967 1076 So.
983 1027 1008 1076 Si
1020 1044 1065 1090 ego
1075 1044 1104 1080 eo
1115 1037 1141 1078 tu
1157 1031 1256 1082 fecundi

158 1106 323 1172 ss‘pieutesque
334 1123 446 1166 ιιιιιιιιι,
456 1113 583 1172 postquem
593 1104 673 1155 omnia
684 1104 769 1154 ruentis
781 1121 850 1154 reuse
858 1107 963 1156 discusse
973 1108 1080 1172 luissent,
1094 1109 1208 1175 deinceps
1219 1113 1255 1161 ia·

158 1187 268 1236 oundisru
289 1187 492 1253 subtilitatemque
514 1194 633 1236 tentam
655 1185 790 1250 sophisticis
811 1186 969 1250 ceptiunculls
990 1189 1090 1240 invicem
1106 1198 1257 1256 ιιιίιιιιιιιι,

156 1269 227 1317 rerba
235 1269 313 1318 verbis
323 1285 387 1318 more
397 1269 585 1318 eoulliotantiuru
596 1266 754 1316 contuentes.
785 1266 858 1316 Nunc
870 1276 959 1326 autern,
970 1277 1054 1334 utpote
1060 1271 1138 1330 rodes,
1147 1272 1256 1322 volumus

157 1348 202 1398 ista
212 1349 313 1413 primum
323 1350 455 1398 seeundum
466 1348 544 1412 seipse
554 1347 656 1396 iurioeur
667 1346 833 1410 eouteruplsri,
844 1362 952 1412 querneus
963 1347 1011 1398 sint
1021 1365 1075 1415 quse
1084 1352 1256 1416 cogitamruet

157 1427 639 1480 utrumcousouentnobisaudissouent.
670 1427 735 1478 Τιιι.
754 1426 975 1492 uniusquidem
993 1429 1110 1480 idreliru.
1142 1432 1184 1482 Su.
1201 1432 1256 1484 Noe

155 1509 232 1558 miuus
250 1525 304 1574 ego.
337 1510 385 1562 Sed
402 1525 457 1560 euru
476 1510 511 1558 ita
527 1506 607 1556 stl'ecti
625 1507 706 1566 simus,
718 1506 845 1572 tranquille
860 1523 963 1573 pmrsus,
975 1517 1058 1573 utpute
1073 1511 1153 1570 otiosi,
1171 1512 1255 1562 iterum

155 1592 313 1654 speculemur,
329 1591 402 1657 [lob]
419 1589 478 1640 nibil
489 1597 653 1639 succensentes
663 1588 774 1646 inuicem,
785 1589 827 1638 sed
842 1605 866 1638 re
878 1605 932 1640 rere
948 1607 992 1640 nes
1009 1592 1076 1656 ipsos
1085 1592 1257 1650 ιιιιιιίιιιιῑιι,

155 1673 294 1736 queliesiut
305 1675 356 1722 bue
374 1673 400 1720 iu
417 1672 486 1720 nobis
497 1671 546 1720 eise
560 1667 778 1735 plraetesrualsque.
794 1669 879 1734 quibus
896 1671 996 1735 primurn
1014 1674 1170 1724 consideratis
1188 1673 1255 1722 diue·

155 1767 218 1809 urus.
229 1762 256 1802 ut
266 1752 373 1810 arbitror,
383 1751 443 1802 nihil
455 1767 559 1816 uuquam
578 1750 655 1814 mejus
673 1752 779 1800 minusve
790 1751 841 1800 lieri
850 1753 887 1802 rel
899 1753 959 1804 mole
971 1755 1007 1804 rel
1018 1771 1124 1813 numero,
1136 1755 1252 1820 quimdiu

99 1885 107 1904 .
155 1834 250 1898 equale
267 1835 360 1898 sibiipsi
377 1843 506 1899 permonet.
531 1849 611 1883 uouue
627 1833 678 1882 ite?
710 1832 777 1884 Tse.
793 1833 831 1882 ita
848 1849 947 1896 prorsus.
979 1836 1022 1885 So.
1038 1835 1134 1886 Deinde
1150 1837 1189 1886 oui
1204 1851 1253 1888 neo

153 1915 252 1963 additor
261 1930 340 1980 neque
351 1916 494 1964 subtrahitur
504 1914 604 1979 reliquid,
615 1915 661 1962 troc
683 1927 761 1976 neque
779 1927 881 1962 creseus
897 1928 999 1976 uuqueru
1011 1929 1088 1978 neque
1106 1915 1252 1979 deeresmre,

154 2004 336 2059 temperantem
347 1996 437 2060 srqrrsle
447 1994 586 2044 consistere.
617 1993 683 2042 Tus.
701 1991 779 2040 Vslde
790 1992 895 2055 quidem.
927 1992 972 2042 So.
987 1993 1066 2041 Tertio
1075 2008 1130 2044 rero
1137 1995 1257 2054 dicemus,

133 2101 136 2106 ·
154 2076 220 2138 quud
230 2083 287 2124 ente
298 2091 345 2126 nou
356 2083 407 2126 erat
420 2082 446 2124 et
463 2082 547 2138 postes
564 2081 609 2130 est.
620 2071 666 2121 uisi
686 2073 729 2121 iet
746 2080 772 2121 et
790 2072 880 2121 iactum
893 2072 932 2129 sit,
943 2088 995 2122 esse
1010 2089 1059 2122 nou
1078 2089 1157 2140 posse.
1188 2077 1257 2128 Tus.

154 2155 429 2220 suspensissimum.
462 2154 507 2202 Su.
523 2153 583 2202 iisse
601 2152 685 2216 utique
702 2153 748 2200 trie
764 2167 877 2200 coueema
896 2162 1003 2216 pugnent
1020 2154 1083 2204 iuter
1100 2171 1126 2204 se
1146 2157 1214 2206 uubis
1230 2157 1257 2206 in

154 2237 242 2294 enimc,
253 2235 350 2301 quoodo
361 2236 392 2283 de
403 2235 456 2282 talis
467 2233 514 2282 illis
522 2232 656 2297 loquimur;
673 2230 709 2281 rel
724 2232 821 2295 quoodo
840 2233 948 2291 istemur,
959 2251 997 2284 me
1006 2251 1097 2296 serrem,
1108 2238 1166 2286 dum
1176 2247 1258 2292 tentus

154 2333 250 2373 maneo,
261 2315 327 2364 nulla
338 2314 363 2362 iu
377 2323 441 2379 parte
452 2322 536 2363 suetus
547 2312 690 2369 missurusve,
701 2313 787 2362 eodem
805 2313 830 2360 iu
848 2327 912 2362 suno
928 2321 951 2364 te
963 2314 1054 2379 jurene
1066 2317 1178 2380 nsjcrem
1188 2334 1256 2371 uum

155 2413 218 2456 esse,
228 2405 312 2462 postes
323 2412 378 2444 reru
390 2396 513 2452 minorem,
523 2411 578 2444 curn
590 2393 663 2444 rooles
674 2394 770 2457 quidem
782 2394 922 2444 ruesebleta
932 2397 1027 2455 nonsit,
1038 2400 1080 2448 sed
1092 2401 1257 2454 tusduutssat

154 2479 266 2528 ιιΙιιιιιι.
298 2476 355 2524 Sum
373 2491 475 2539 nemque
493 2481 586 2538 poster,¹
597 2474 664 2538 quod
683 2481 739 2523 eute
758 2489 806 2522 nou
825 2489 897 2533 erem,
915 2477 949 2525 uil
968 2479 1150 2530 usumfructus.
1165 2482 1258 2546 absque

153 2559 222 2608 enim
240 2557 292 2606 lieri
310 2556 399 2606 lentum
419 2570 470 2604 ease
485 2554 641 2619 impossibile.
659 2553 693 2602 nil
712 2561 791 2602 suteru
811 2555 879 2603 ruolis
898 2557 1017 2614 emittens,
1033 2573 1155 2625 uunquam
1177 2561 1258 2612 miuus

154 2638 258 2688 effeetus
268 2651 329 2685 runs.
363 2635 394 2684 Et
404 2634 451 2684 slis
460 2634 531 2698 hujus
542 2635 634 2699 generis
644 2633 737 2686 infinite
745 2635 770 2683 is
781 2635 862 2683 multis
869 2637 988 2696 recidunt,
998 2637 1018 2685 si
1027 2639 1077 2688 hee
1085 2640 1256 2694 sumserimus.

156 2717 434 2784 Dieage,o'l'bemtete.
453 2715 613 2765 rideriseuinr
630 2715 688 2765 milui
705 2716 787 2764 lrsrurn
808 2730 883 2764 rerum
905 2717 1094 2781 uouimperitus.
1126 2721 1193 2771 Tus.
1210 2721 1257 2772 Pes

157 2801 251 2856 deumo
262 2798 381 2854 Soeretes,
394 2811 536 2860 magnopere
555 2796 613 2860 quid
629 2796 674 2844 ists
691 2795 739 2844 rint
757 2795 874 2857 sdruirur3
891 2797 1056 2863 interdumque
1066 2799 1118 2866 ipss
1128 2801 1259 2866 inspiciens

158 2879 259 2928 tenebris
271 2877 390 2928 ull'uudor.
421 2877 465 2928 So.
481 2877 629 2934 Tbeudorur,
639 2893 654 2924 ο
674 2875 758 2934 errice,
774 2891 822 2924 non
833 2877 894 2926 mele
910 2878 940 2926 de
952 2886 993 2927 tuo
1004 2878 1099 2944 iugenio
1109 2881 1258 2946 conjectores

157 2960 259 3010 videtur.
278 2958 378 3008 mesime
389 2959 454 3006 euim
466 2958 612 3022 pbilosophis
623 2959 673 3007 bec
685 2957 782 3008 effectio
801 2965 846 3016 est,
857 2973 910 3022 quse
926 2959 1048 3010 admirstio
1066 2961 1161 3013 dieitur.
1178 2979 1258 3029 neque

158 3040 222 3090 enim
233 3039 297 3089 utun
310 3049 394 3106 preter
404 3040 450 3091 boe
461 3049 498 3089 est
509 3037 665 3104 philosophie
678 3039 837 3104 principium:
855 3041 931 3106 etqui
943 3040 998 3090 irim
1008 3042 1172 3103 Tbsuusautis,
1183 3046 1208 3096 id
1219 3055 1260 3096 est

159 3121 329 3177 admiratirmis.
339 3118 413 3170 flliaru
422 3135 475 3170 esee
485 3119 591 3176 uiduis,
602 3135 651 3168 nun
668 3119 768 3169 wsurde
786 3119 900 3184 originem
913 3123 966 3187 ejus
984 3125 1107 3190 explicuit.
1139 3129 1186 3177 Sed
1198 3143 1257 3178 uuas

160 3201 271 3266 percipis.
282 3216 353 3266 quem
365 3201 397 3250 ob
407 3215 502 3250 caussru
513 3199 563 3249 hec
575 3200 633 3249 telis
642 3207 706 3256 sunt.
720 3215 750 3248 ee
770 3201 856 3265 quibus
867 3201 1020 3267 Protagorem
1031 3205 1097 3270 loqui
1114 3209 1258 3256 esserersri-

161 3297 227 3343 nrus;
244 3298 275 3331 au
287 3282 352 3331 unu?
383 3281 450 3332 Tus.
467 3280 582 3329 Nondum
592 3279 651 3328 mibi
661 3280 753 3328 uideor.
786 3281 827 3328 So.
845 3280 951 3331 Gratisru
961 3284 1041 3347 itaque
1053 3285 1108 3333 mibi
1119 3285 1227 3342 hebebis,
1236 3287 1260 3336 si

161 3361 205 3410 tibi
215 3363 267 3420 riri,
278 3363 349 3412 iururo
361 3363 461 3412 virorum
472 3359 726 3425 praestantissimorum,
740 3359 904 3424 intelligentie
914 3362 1035 3412 venreteru
1050 3364 1154 3412 abditsru
1170 3379 1258 3422 resero·

161 3444 233 3492 rerot
266 3443 332 3493 Tse.
349 3442 443 3501 Quidni
460 3441 568 3497 hebrom,
580 3448 604 3489 et
622 3441 743 3503 ingentem
753 3439 883 3503 equidem?
916 3441 960 3490 So.
977 3441 1218 3508 consempiternum,
1232 3455 1261 3496 et

162 3523 372 3589 simuldiligeutsr
391 3538 458 3580 care,
469 3537 500 3570 ns
518 3521 573 3586 quis
591 3521 703 3586 protenus
718 3520 769 3570 beo
784 3521 874 3569 eudist.
889 3521 984 3586 protasi
994 3538 1048 3572 reru
1065 3532 1128 3582 sunt,
1138 3526 1179 3590 qui
1197 3527 1259 3594 nihil

160 3603 227 3652 eliud
238 3620 289 3654 esse
301 3611 468 3670 putentqusur
479 3605 544 3668 qued
557 3617 638 3666 pugno
649 3609 729 3650 tenere
746 3609 851 3664 pussuut.
867 3601 973 3652 actiones
983 3619 1038 3652 uero
1048 3605 1260 3672 generationique

161 3692 187 3732 ct
198 3685 313 3736 invisibile
325 3685 457 3733 uniuersum
468 3683 494 3732 in
505 3683 614 3732 essentias
626 3691 691 3747 perte
699 3698 849 3748 nequaquem
856 3683 985 3747 occipiunt.
1017 3683 1084 3735 Tus.
1102 3686 1260 3740 Durosuimi·

161 3781 202 3814 uru
213 3776 239 3814 et
250 3775 368 3830 protervos
384 3763 501 3821 homiues,
517 3780 532 3814 ο
551 3763 668 3821 Socrates,
687 3763 760 3828 [toti]
779 3779 901 3814 memores.
934 3765 977 3814 So.
993 3765 1056 3814 Sunt
1070 3767 1108 3814 isti
1125 3768 1231 3834 quidem,
1241 3785 1260 3817 o

161 3861 230 3912 puer,
241 3846 343 3894 aMusis
359 3846 487 3894 sdruodurn
505 3844 585 3896 slieui.
601 3861 646 3896 uec
664 3847 753 3894 desen
769 3844 809 3892 elii
827 3845 922 3908 quidem
933 3845 1097 3909 elegantiores,
1106 3863 1204 3912 quonum
1215 3851 1260 3902 tibi

160 3928 274 3992 urysterie
285 3937 416 3976 narraturus
427 3943 487 3976 sum.
519 3925 666 3992 Principium
681 3934 760 3975 eutem
779 3926 892 3990 deinceps
909 3926 962 3984 erit,
974 3942 1062 3990 exque
1073 3942 1176 3992 euque
1187 3933 1260 3982 medo

160 4007 275 4068 diximus,
284 4017 390 4057 mouent.
423 4005 452 4056 id
465 4015 544 4056 sutem
567 4017 603 4058 est
621 4008 724 4072 ipsorum
745 4005 895 4070 principium,
907 4008 1115 4070 quoduuirersum
1126 4017 1258 4071 motusest,

158 4096 187 4137 et
207 4086 273 4134 atiud
291 4095 375 4148 prester
392 4095 480 4134 motum
499 4088 568 4136 nibil.
601 4087 685 4136 Motus
696 4102 751 4134 sero
770 4086 862 4150 species
880 4088 943 4144 dure,
954 4095 979 4136 et
996 4088 1147 4139 multitudine
1161 4091 1259 4154 quiden

161 4175 265 4231 utraque
273 4165 383 4215 infinite:
400 4167 506 4230 potentis
522 4175 600 4216 autem
617 4168 691 4217 altere
709 4168 735 4214 iu
744 4168 846 4231 egendo,
857 4166 930 4216 sltere
940 4168 964 4216 iu
976 4167 1089 4232 patiendo
1100 4182 1213 4222 versetur.
1229 4189 1259 4223 ea

161 4249 245 4296 buum
257 4261 384 4310 congressu
401 4246 570 4311 compulsoque
582 4255 663 4296 rnutuo
674 4248 774 4296 effeetus
783 4248 897 4297 eveniunt
907 4263 1004 4298 nurnero
1015 4249 1110 4306 induiti,
1120 4251 1202 4322 speeie
1215 4269 1256 4318 gs.

162 4326 240 4376 mini:
259 4325 369 4375 sensibile
380 4325 491 4375 ridelioet
501 4341 528 4375 sc
540 4341 631 4382 seusus.
641 4327 682 4390 qui
694 4342 785 4390 semper
796 4343 850 4375 eum
860 4328 963 4376 sensibili
978 4329 1102 4378 conicitur
1118 4339 1192 4396 etque
1200 4349 1259 4384 een.

164 4407 277 4474 greditur.
309 4407 425 4456 &usuum
437 4407 488 4456 brec
499 4406 597 4456 uomina
605 4414 669 4464 suut,
682 4407 753 4464 visus,
764 4407 868 4471 nuditus,
878 4407 986 4466 olfactus,
998 4417 1079 4474 gustus
1091 4415 1260 4478 tectusqueffl.

165 4488 273 4552 uiderem
295 4495 321 4538 et
343 4488 481 4538 celidorum.
509 4503 570 4552 quos
593 4495 722 4552 sequuntur
734 4487 876 4552 vuluptates,
895 4488 996 4548 dolores,
1017 4491 1159 4556 cupiditates
1188 4504 1259 4562 etque

165 4571 269 4636 timores,
279 4568 366 4634 eliique
377 4570 487 4629 allectus,
498 4569 614 4620 innumeri
625 4570 720 4634 quidem
731 4569 781 4618 siue
793 4569 897 4630 nomine,
908 4571 1023 4630 nuuinsti
1035 4587 1129 4638 quoque
1140 4577 1260 4638 permulti.
