3150 5316
125 1648 367 1707 uerrucarum,
383 1645 524 1706 runnu,
544 1643 807 1706 smirneorum,
828 1647 1007 1706 socerum,
1032 1646 1146 1711 onnus,
1163 1651 1237 1702 suu-

293 1744 389 1805 uuss,
406 1743 519 1808 curru,
536 1742 881 1796 u1u1srnuuuuucrm
897 1744 1072 1796 unionum.

131 2161 194 2230 [67]
210 2163 317 2222 Irsnun,
327 2179 342 2212 u
353 2161 472 2221 Pindon,
488 2161 587 2220 mauu,
598 2177 647 2228 qus
656 2162 697 2212 die
716 2161 824 2214 Soerstes
834 2178 951 2213 versunum
961 2163 1023 2216 bibit
1038 2163 1064 2215 in
1074 2169 1184 2220 eernere?
1201 2186 1234 2220 sn

132 2247 168 2294 eb
178 2245 226 2295 sliu
236 2244 365 2294 endiristi?
398 2243 448 2294 Pu.
463 2243 595 2308 Equidem,
611 2259 627 2292 ο
642 2241 794 2307 Echecrstes,
809 2244 876 2294 effui.
908 2244 975 2296 Eun.
992 2247 1107 2304 Qumnnm
1126 2256 1181 2298 sunt
1196 2265 1236 2309 es,

133 2340 192 2390 qun
201 2324 237 2372 vir
246 2323 297 2383 ille,
307 2331 433 2388 nntequsm
445 2331 581 2381 moreretur,
592 2323 686 2372 loeutus
697 2325 752 2372 esti
762 2332 788 2374 et
797 2323 918 2390 quomode
926 2341 940 2376 e
948 2325 998 2375 vite
1006 2327 1124 2376 decessit?
1136 2329 1236 2379 libenter

134 2403 324 2454 enlmsudirem.
356 2401 420 2452 Nem
431 2418 508 2468 neque
518 2402 643 2468 quisqunm
659 2402 817 2453 Phliasiorum
832 2404 920 2454 cisium
931 2405 1065 2472 frequenter
1080 2407 1235 2471 proficiscitur

135 2497 204 2532 nunu
213 2483 330 2540 Athenss,
340 2496 418 2546 neque
425 2481 519 2546 jamdiu
529 2483 616 2545 hospes
626 2481 713 2546 uliquis
722 2483 779 2532 inde
788 2485 818 2532 sd
826 2500 869 2534 nus
877 2487 985 2543 scumsit,
992 2487 1034 2550 qui
1044 2495 1132 2536 eertum
1142 2487 1235 2554 aliquid

135 2579 170 2612 ee
179 2564 211 2612 de
220 2579 245 2612 rs
256 2562 363 2612 uuntlme
374 2561 443 2610 nobis
452 2567 543 2625 posset,
560 2561 605 2610 uisi
616 2561 682 2610 illum
698 2571 780 2626 potatu
791 2577 883 2613 veneno
893 2579 908 2613 e
918 2564 967 2613 vite
978 2567 1095 2629 migrasse.
1111 2567 1142 2615 de
1152 2566 1237 2616 ceteris

135 2659 196 2692 veru
206 2642 275 2700 nihil,
284 2641 343 2708 quid
354 2641 474 2700 referrent,
484 2641 611 2690 hsbebsnt.
645 2640 695 2689 Ρη.
710 2641 736 2690 N
737 2658 765 2692 eu
775 2659 841 2708 ergo,
852 2658 907 2709 ques
917 2645 947 2692 sd
955 2643 1073 2708 judicium
1089 2645 1145 2711 [68]
1163 2647 1236 2712 perti·

133 2723 237 2786 nebunt,
244 2737 292 2787 qun
302 2729 373 2786 prete
384 2729 481 2772 nsetsts
492 2720 588 2780 inerint,
605 2721 744 2771 sudisistis?
777 2723 842 2773 Eun.
857 2723 1007 2774 Audivimus.
1024 2725 1076 2774 hese
1092 2725 1156 2774 enim
1166 2726 1235 2776 nubis

133 2803 235 2869 quidem
246 2801 334 2852 retulit.
350 2809 376 2850 et
385 2801 493 2850 sdmirsti
504 2801 610 2867 proiectu
621 2816 711 2865 sumus,
719 2803 795 2867 quod,
811 2803 862 2868 jem
876 2811 971 2868 perusto
978 2802 1082 2868 judicio,
1093 2803 1134 2853 diu
1151 2812 1234 2870 postes

135 2884 226 2933 obiisse
237 2882 350 2932 sidentur.
360 2881 473 2947 quidnsm
483 2882 509 2932 in
520 2896 592 2931 ususs
602 2882 658 2946 luit,
669 2882 796 2932 Phaedonl
829 2884 879 2934 Ρη.
896 2884 964 2934 Sorte
980 2885 1082 2948 quedem
1098 2884 1123 2933 id
1135 2885 1235 2944 Socrati,

135 2982 154 3014 ο
164 2963 314 3021 &memus
325 2962 421 3012 seeidit.
436 2953 494 3012 neni
503 2962 578 3026 pridie
594 2978 665 3027 quem
681 2962 838 3028 judiceretur,
853 2964 929 3013 umeri
939 2964 1040 3028 contigit
1050 2964 1151 3030 puppim
1168 2965 1236 3014 nnsis

136 3044 200 3110 ejus,
210 3059 280 3110 quem
290 3043 387 3092 mittunt
396 3041 557 3092 Athenienses
566 3043 593 3092 in
604 3043 702 3096 Delum.
734 3043 800 3093 Eure.
815 3043 845 3094 Id
856 3060 910 3103 veru
921 3044 1034 3109 quidnsm
1041 3045 1085 3094 sibi
1097 3045 1165 3094 vult?
1181 3046 1234 3096 Pu.

138 3125 201 3174 Hseu
210 3131 248 3188 est
257 3124 299 3172 ills
308 3121 384 3182 ueris,
395 3130 423 3172 ut
432 3125 500 3172 niunt
508 3123 676 3183 Athenienses,
688 3124 713 3172 in
722 3139 770 3188 qus
776 3123 881 3174 Theseus
888 3123 945 3173 olim
952 3124 988 3173 bis
996 3132 1087 3189 septem
1094 3125 1146 3174 illus
1154 3141 1235 3175 secum

135 3205 228 3254 tulitin
239 3203 342 3264 Creten,
353 3204 500 3269 emensisque
519 3203 572 3252 illus
582 3203 669 3268 etipse
689 3210 793 3252 serentes
809 3211 853 3251 est.
884 3203 990 3252 Voverst
1003 3211 1091 3262 nutem,
1107 3211 1136 3253 ut
1150 3203 1232 3268 fertur,

137 3283 257 3350 Apollini,
271 3283 293 3332 si
303 3291 455 3342 serrantur,
466 3282 593 3349 quotennis
603 3283 629 3331 iu
639 3282 728 3332 Delum
739 3281 901 3347 spectaculum
915 3283 1035 3347 quoddam
1053 3283 1152 3332 mittere.
1169 3283 1235 3348 quod

141 3364 238 3430 quidem
250 3355 319 3416 'nunc
336 3365 417 3428 etism,
434 3379 462 3414 se
473 3378 565 3427 temper
575 3376 604 3412 er
614 3362 655 3412 illo
675 3370 781 3427 tempore
791 3361 890 3428 singulis
908 3362 939 3410 sd
949 3362 1028 3411 Deum
1047 3362 1144 3410 mittunt
1158 3363 1235 3412 enuis.

145 3446 207 3496 Cum
218 3444 289 3510 igitur
299 3443 430 3511 speelseuli
439 3443 580 3510 principium
591 3441 676 3507 egitur,
687 3443 779 3508 exlege
790 3443 882 3492 interim
894 3443 993 3491 lustrent
1005 3442 1094 3499 urbem,
1104 3442 1235 3490 neminem-

139 3541 187 3592 que
197 3541 227 3574 eu
238 3533 343 3590 tempure
359 3523 455 3590 publius
471 3531 567 3582 necent,
586 3525 663 3574 donee
680 3523 768 3574 Delum
779 3523 902 3588 perveniet
916 3521 983 3571 neeis
993 3537 1117 3586 rursusque
1126 3522 1234 3571 Athenss

138 3613 266 3655 mnestetur
275 3621 303 3654 er
315 3604 389 3657 Delo.
405 3604 431 3653 id
442 3619 496 3654 sero
506 3619 676 3670 nunnunqusm
688 3603 760 3669 lungo
770 3603 890 3670 perugitur
901 3610 1015 3666 tempure,
1033 3602 1129 3664 qusndu
1140 3618 1181 3651 eus
1192 3617 1235 3651 oe-

139 3694 231 3751 cupnnt
240 3685 313 3736 venti.
328 3684 428 3734 Initium
438 3701 492 3734 seru
504 3685 634 3750 speelsculi
645 3691 690 3744 est,
707 3692 831 3750 postquem
843 3681 963 3748 Apollinis
974 3682 1083 3735 secerdos
1092 3682 1158 3731 nevis
1168 3680 1233 3730 illius

140 3765 286 3816 comnererit
296 3766 405 3830 puppim.
421 3765 446 3814 id
457 3781 521 3824 vero,
538 3773 566 3816 ut
581 3765 653 3814 modu
670 3765 788 3822 dicebam,
805 3763 882 3829 pridie
895 3777 965 3828 quem
973 3760 1127 3826 judiesretur,
1142 3761 1232 3810 lectum

139 3855 197 3896 emt.
230 3844 390 3904 Qusmubrem
408 3846 505 3911 lengum
521 3853 614 3911 tempus
630 3846 737 3895 Suurstes
753 3845 800 3894 luit
816 3845 842 3894 in
858 3858 950 3895 estsere
957 3841 1075 3907 judicium
1091 3843 1233 3906 interestque

140 3935 246 3977 mertem.
279 3925 344 3977 Eun.
362 3925 430 3976 cirus
449 3942 503 3976 sero
521 3935 618 3976 mortem
634 3926 719 3992 ipsum,
730 3941 745 3975 ο
755 3925 874 3983 Phaedon,
890 3939 998 3988 qumnsm
1010 3931 1065 3972 sunt
1075 3922 1105 3972 sb
1113 3939 1143 3972 eu
1159 3923 1235 3981 diets,

140 4021 195 4072 ques
203 4007 276 4068 inste,
285 4004 356 4069 quire
367 4006 513 4054 lumilissium
525 4007 639 4057 ederent?
650 4022 680 4055 sn
688 4006 747 4056 iurte
755 4007 901 4071 magistratus
908 4004 989 4053 edesse
995 4019 1043 4052 nun
1052 4001 1235 4067 permittebsnti

139 4093 211 4148 etque
231 4085 265 4132 itn
274 4085 369 4134 orbetur
384 4086 486 4136 decessit
501 4088 599 4138 eminis?
632 4087 683 4138 Pu.
699 4085 871 4136 Permittebeut
887 4084 999 4152 quidem:
1017 4085 1118 4149 ideoque
1136 4085 1235 4134 ederunt

141 4163 224 4229 sliqui,
239 4171 264 4212 et
281 4162 377 4228 quidem
393 4166 469 4216 multi.
503 4166 569 4218 Eun.
585 4167 646 4218 Heu
657 4168 728 4232 igitur
743 4167 821 4216 omnis
831 4181 888 4233 pers
898 4174 922 4216 te
933 4180 1002 4230 quem
1014 4165 1150 4230 plenissime
1166 4164 1235 4214 nubis

140 4245 233 4302 referre,
244 4243 293 4292 nisi
304 4245 361 4308 quid
373 4246 463 4310 negotii
473 4253 497 4296 te
516 4247 639 4314 impediet.
671 4249 722 4301 Pu.
739 4248 837 4298 Otiosus
847 4247 958 4318 equidem
968 4262 1028 4304 suru,
1047 4253 1118 4310 etque
1127 4261 1233 4294 ensrrsre

141 4325 208 4375 rubis
215 4312 334 4375 cunnbor:
347 4325 437 4391 quippe
446 4342 500 4376 cum
512 4329 644 4379 meminisse
654 4329 764 4388 Socratis,
773 4330 822 4379 sive
832 4330 885 4394 ipse
896 4329 978 4392 loquer
985 4327 1034 4376 sire
1042 4327 1165 4392 loquentes
1173 4325 1232 4376 elios

143 4405 316 4464 metuuntur
326 4419 417 4471 semper
427 4407 530 4456 onmium
542 4409 747 4459 sitduleissimum.
780 4407 844 4458 Eun.
861 4407 980 4463 Similiter,
988 4421 1003 4456 ο
1011 4405 1126 4465 Plraedon,
1138 4407 1180 4456 hos
1190 4407 1233 4471 qul

142 4493 166 4535 te
177 4487 280 4540 auditui
290 4495 353 4557 sunt,
363 4487 460 4540 effectos
470 4488 577 4542 hebebis.
609 4489 656 4542 Sed
664 4483 715 4556 jum
732 4505 775 4556 pro
791 4488 877 4540 viribus
888 4487 1065 4556 diligentissime
1075 4487 1134 4539 reier
1143 4486 1232 4537 omnis.
