3138 5300
189 482 266 560 err]
485 461 685 554 rumonus
708 477 1001 542 eururnnuue
1236 486 1298 546 ιιι

188 652 254 688 nuno
263 637 350 688 fidibus
359 637 439 686 dunat.
472 635 542 686 Puad
553 634 624 699 igtur
633 633 837 699 eoadirdpniiura
846 634 954 698 qnotidie
966 635 1052 694 rident,
1061 641 1085 684 et
1094 635 1203 688 Gonnum
1211 638 1290 703 iprnrn

188 731 272 766 aenum
290 717 424 780 magianum
442 724 591 780 nuncupant.
624 712 664 762 Na
681 729 737 778 argo
754 715 798 764 hoo
817 714 880 764 idern
892 714 977 778 aliquia
987 716 1121 779 hoapitibur
1133 717 1170 764 iria
1181 719 1288 782 objiciat,

189 805 215 844 et
225 796 259 846 iiii
270 797 316 846 hoe
326 797 419 848 detenti
431 813 468 848 rue
479 803 597 852 reeuaent,
608 795 668 844 aiioa
679 809 775 858 quoque
790 794 925 854 nonnullor,
937 811 952 846 o
969 796 1044 853 Crito,
1055 803 1113 845 natu
1128 799 1228 861 modae
1239 815 1289 850 rua-

188 891 242 926 runr
252 877 311 926 iiiuo
321 877 429 928 diaoendi
439 877 515 942 gratia
525 876 642 940 proficisci
653 891 705 924 auru
714 875 851 925 exhumatur
861 893 867 924 r
884 877 925 926 hie
932 876 990 926 item
1001 877 1054 928 aliia
1066 880 1207 942 perruadera
1216 892 1289 930 cuna·

190 957 239 1005 bor.
255 959 297 1006 aed
308 973 350 1008 cur
365 973 413 1006 nnn
425 965 450 1007 et
462 966 487 1006 tu
500 956 574 1016 venia,
586 957 648 1006 iiior
660 965 737 1006 tecum
748 957 857 1008 dunrur?
874 973 944 1022 porro
954 974 1008 1007 curn
1020 959 1132 1022 uiderint,
1142 959 1198 1022 quia
1209 974 1288 1023 rpora-

186 1037 246 1086 bun
257 1037 357 1088 filiorum
369 1053 466 1108 qunque
476 1045 568 1086 tuorum
586 1051 736 1095 oonouranra,
753 1037 789 1085 hia
806 1037 874 1101 quari
885 1038 1001 1088 illecebris
1012 1039 1110 1090 addnoti
1122 1039 1233 1088 libentiur
1244 1054 1288 1090 noa

185 1118 328 1168 erudiendor
338 1119 468 1184 arripient.
500 1117 549 1168 Gn.
567 1116 635 1166 Nihil
647 1115 891 1180 prohibendorum.
903 1117 922 1165 ai
932 1117 976 1164 tibi
988 1117 1089 1168 ridetur.
1122 1118 1210 1168 Verum
1222 1119 1288 1184 priua

186 1213 241 1260 qno
260 1199 352 1248 iliorum
368 1199 485 1263 arpientia
501 1199 541 1255 rit,
557 1213 648 1255 roura,
670 1196 774 1261 utquid
801 1196 935 1260 percepturi
961 1195 1034 1246 aimua
1050 1213 1201 1262 cognoscam.
1240 1200 1287 1252 So.

186 1277 379 1344 Haudquaquam
391 1293 455 1330 uuae
466 1287 522 1328 anta
538 1277 659 1342 objiciam,
670 1279 735 1342 qnod
754 1292 802 1325 non
822 1277 878 1325 ratio
896 1277 1011 1334 recorder,
1022 1278 1079 1342 quin
1091 1279 1168 1328 10ἰοοι
1178 1283 1287 1330 attende·

186 1361 247 1412 riunr
265 1361 338 1410 immo
354 1369 380 1412 rt
398 1359 496 1410 incubui
515 1359 685 1422 diligentemt
704 1358 816 1419 memini;
834 1357 926 1421 tibique
944 1357 1188 1422 aprinoipiocunota
1202 1361 1287 1410 reterre

185 1442 299 1492 conabor.
333 1441 450 1506 Equidem
460 1441 540 1490 diuina
550 1441 652 1503 quadarn
667 1447 730 1488 anrtr
747 1439 772 1487 in
790 1439 917 1504 gymnasio
928 1439 1001 1498 rotun,
1014 1439 1055 1487 ubi
1068 1455 1104 1488 me
1116 1437 1205 1497 rudini,
1215 1441 1286 1490 aede·

185 1522 257 1570 bam:
270 1522 370 1585 jamque
380 1522 437 1570 inde
444 1519 567 1570 diroedere
578 1519 718 1582 cogitabam.
735 1519 777 1568 red
786 1519 865 1568 atatim
877 1521 981 1583 surgenti
993 1520 1049 1568 mihi
1060 1519 1154 1570 rolituur
1166 1521 1224 1570 iliud
1236 1523 1287 1572 de·

186 1601 307 1650 monicum
322 1602 415 1664 rignum
434 1601 536 1650 obriatit.
569 1597 659 1648 Rertiti
679 1599 769 1663 itaque,
781 1613 810 1648 ao
824 1599 896 1663 panio
907 1608 962 1663 port
978 1599 1075 1664 ingressi
1086 1608 1142 1649 runt
1160 1601 1234 1667 [Μ]
1251 1604 1286 1661 iri.

185 1680 353 1745 Entlrydemua
371 1680 608 1746 Dioayaodoruaquo,
619 1687 644 1728 et
660 1679 701 1728 alii
722 1680 790 1728 multi
806 1695 861 1728 oum
880 1679 936 1737 iiiia,
949 1682 990 1744 qui
1000 1681 1093 1730 iliorum
1105 1681 1287 1747 mihidiaeipuii

183 1760 332 1810 ridebantur.
368 1760 469 1825 Ingrarri
484 1770 563 1810 autem
576 1760 599 1808 in
612 1761 665 1824 ipro
675 1761 791 1824 adoperto
802 1775 871 1808 curru
882 1761 1074 1816 deambulabant.
1091 1763 1236 1826 nequedum
1248 1764 1285 1814 bia

185 1849 227 1890 aut
238 1849 272 1888 ter
282 1841 342 1890 iliud
352 1849 487 1906 exegerant.
498 1857 552 1890 curn
568 1841 706 1890 adventavit
724 1839 814 1890 Cliniae
829 1840 879 1902 iile,
891 1855 962 1904 quom
979 1841 1106 1904 proieciaaa
1116 1843 1184 1901 dicia,
1195 1851 1221 1892 et
1230 1859 1285 1894 rere

184 1922 296 1984 ioqnetia·
328 1922 389 1972 Eunu
407 1923 482 1972 renuti
501 1931 557 1970 runt
575 1922 646 1970 aruioi
664 1928 689 1970 et
704 1921 746 1970 aiii
766 1920 842 1978 multi,
853 1929 879 1970 et
897 1920 1036 1970 adolescens
1047 1922 1143 1986 quidam
1155 1923 1284 1989 Ctesippua

184 2001 309 2058 Pannona,
320 2002 418 2066 ingenio
425 1989 501 2050 iionua
510 2002 606 2066 quidem
618 2010 643 2050 at
653 2001 761 2065 pulcher,
771 2002 814 2050 red
825 2001 876 2064 ipra
890 2001 1019 2064 juventute
1029 2001 1146 2051 iarnirior.
1179 2004 1283 2054 Intuitur

184 2099 223 2132 ure
234 2085 264 2133 ab
283 2087 387 2148 ingrearu
402 2083 493 2136 Cliniae
504 2083 625 2132 ardentem
636 2083 723 2145 nolum,
734 2089 816 2132 eontra
827 2082 901 2144 verrit,
912 2089 938 2130 et
946 2083 976 2132 ad
988 2083 1106 2132 dexterum
1119 2099 1193 2134 urnam
1212 2086 1284 2149 aedit,

184 2171 212 2212 ut
229 2173 255 2211 et
272 2164 323 2228 ipra
339 2164 383 2214 air.
417 2164 477 2214 Cum
489 2179 544 2212 rero
561 2178 615 2210 eum
629 2162 814 2227 Diunyrudorur
824 2162 1038 2227 Eutirydnnrurque
1049 2163 1172 2222 ridiraent,
1182 2164 1282 2228 primunr

182 2244 279 2306 quidam
290 2245 358 2294 onnia
367 2234 475 2294 notanter
482 2244 583 2294 invicem
594 2244 750 2302 dioaerebant,
766 2243 822 2294 hino
837 2251 909 2308 atquo
924 2243 989 2292 iiiino
999 2244 1024 2292 in
1039 2259 1083 2292 nor
1092 2245 1175 2294 oculor
1186 2260 1284 2295 nonrer.

183 2333 270 2374 tenter.
286 2341 331 2389 ego
350 2327 413 2376 eninr
433 2326 487 2375 iiior
506 2325 686 2390 diligentiaaime
702 2325 863 2374 observabam.
909 2324 1005 2374 Deinde
1025 2324 1123 2389 propina
1142 2327 1284 2376 accedentea

182 2407 350 2463 comederunt,
362 2407 528 2470 Eunydenur
537 2406 634 2469 quidam
640 2407 711 2469 juxta
720 2407 798 2470 iprum
809 2405 995 2469 ndoiercontnm,
1007 2405 1189 2468 Dionyrodorur
1202 2415 1283 2457 autera

177 2485 250 2550 juata
261 2503 300 2540 rna
312 2487 478 2544 adainirtrarn,
495 2487 536 2534 aiii
547 2501 601 2534 raro
618 2495 740 2550 uteunque
754 2486 864 2550 contigit.
898 2485 943 2534 Hir
953 2486 1024 2548 igitur
1034 2487 1210 2550 congrntniatur
1221 2503 1282 2546 rum,

181 2575 269 2630 utpote
287 2567 330 2630 qni
345 2567 386 2615 diu
403 2567 458 2616 iiior
473 2582 522 2616 non
538 2566 651 2618 videram.
685 2566 744 2616 Puat
763 2568 815 2615 iren
831 2567 861 2614 ad
873 2566 976 2616 Ciin'arm
986 2581 1112 2616 convertur
1123 2567 1228 2631 inquam.
1239 2568 1284 2618 lati

181 2648 291 2713 quiden,
301 2665 317 2696 n
333 2647 422 2705 Clinia.
434 2648 486 2705 viri,
502 2648 667 2713 Euthydemus
684 2646 922 2712 Dionyrodorurqur,
939 2663 988 2696 nou
1004 2647 1028 2694 in
1045 2647 1115 2696 rebor
1132 2648 1209 2712 parrir
1219 2656 1283 2708 aunt,

180 2729 224 2778 aad
236 2728 343 2776 maximia
353 2730 480 2792 sapienter.
498 2741 552 2776 nuru
570 2742 623 2792 qua
641 2728 673 2776 ad
693 2743 740 2778 rem
756 2729 879 2778 militarem
895 2729 1023 2793 pertinent,
1034 2727 1114 2776 sciunt
1123 2728 1212 2786 omnia,
1222 2735 1282 2792 quot

117 2831 128 2842 -
181 2823 252 2861 aurae
263 2809 344 2866 dener.
355 2808 491 2872 quicunque
503 2817 611 2858 strennua
629 2810 678 2858 dur
696 2810 812 2858 exercitur
823 2817 860 2861 ert
875 2809 976 2872 iuturus,
986 2809 1049 2860 oiroa
1064 2807 1128 2858 arira
1138 2809 1283 2874 ordinesque

179 2897 205 2938 et
215 2891 331 2940 exercitur
343 2891 508 2940 inrtmntinnar
517 2899 543 2940 et
558 2890 648 2954 pretia.
682 2891 787 2940 Poaaurrt
801 2890 942 2955 quinetiam
954 2891 1101 2940 nanridienm
1112 2891 1218 2956 quemrir
1228 2889 1280 2940 effi·

179 2985 234 3020 oete
244 2980 450 3036 accusatoremque
459 2971 595 3020 acerrimum
605 2987 695 3029 eorum,
706 2972 747 3036 qni
756 2971 854 3036 injuriae
863 2971 1001 3020 intulerunt.
1035 2971 1075 3023 liii
1087 2987 1124 3020 nre
1133 2972 1165 3020 ita
1174 2972 1280 3022 loeutunr

179 3059 380 3116 oontemprerunr,
391 3068 465 3116 reque
481 3051 580 3102 invicem
597 3052 750 3116 inopinienter
768 3053 892 3102 rubrirore.
926 3051 1094 3117 Atqueinqnit
1104 3052 1279 3118 Eutirydemua.

181 3130 254 3180 Haud
269 3133 371 3196 ampliua
386 3135 438 3182 noo
453 3133 514 3183 tario
525 3140 660 3191 tantamne,
671 3149 686 3180 n
702 3135 820 3190 Socraten,
836 3133 877 3182 aed
894 3132 930 3180 iria
941 3132 1110 3182 intermittendi
1121 3133 1194 3180 rtudii
1206 3133 1280 3196 gratia

182 3212 277 3264 uunur.
310 3213 382 3270 Quot
401 3229 446 3277 ego
459 3214 588 3262 admiratur
604 3213 709 3276 inquam.
726 3214 841 3262 Proeoiara
859 3213 935 3260 rtndia
947 3219 1023 3260 rantra
1041 3213 1136 3269 auntai
1152 3225 1188 3262 rea
1207 3218 1281 3260 tant·

179 3293 248 3354 quari
256 3293 440 3344 intermiraioner
451 3297 560 3360 quiedam
572 3293 670 3358 jocique
681 3307 695 3341 a
712 3294 778 3342 vobis
789 3293 915 3340 innitentur.
947 3291 1038 3347 Dicite.
1049 3293 1160 3354 perdone
1170 3293 1279 3350 oaaeoro,

179 3371 239 3436 quid
250 3374 295 3422 hoe
306 3381 407 3424 ueatrura
419 3383 465 3422 taur
477 3373 596 3437 egregiam
608 3373 687 3437 opor?
721 3371 770 3422 Eu.
789 3372 916 3434 Virtutem,
932 3387 947 3419 n
965 3371 1082 3429 Socraten,
1092 3371 1231 3420 arbitramur
1241 3373 1277 3421 ia-

179 3453 267 3502 oiiiinre
285 3463 357 3520 atque
375 3455 463 3518 optime
474 3454 579 3502 omnium
591 3454 676 3502 docere
692 3467 770 3515 purae.
804 3453 848 3501 So.
866 3451 928 3500 Proin
939 3451 1060 3513 iuppiter,
1071 3465 1140 3514 quam
1153 3452 1278 3515 pratirraarn

178 3547 227 3580 rem
239 3533 398 3597 pniiiorrnini!
433 3535 488 3592 Qun
506 3543 567 3582 rorte
586 3533 736 3598 potirairnunr
757 3533 845 3581 lucrum
866 3532 928 3580 iatud
940 3532 1006 3580 rubia
1023 3531 1125 3595 obtigit?
1156 3531 1276 3596 Equidem

178 3613 214 3660 ita
225 3615 256 3662 de
267 3617 334 3664 rubia
351 3615 484 3678 cogitabant
502 3614 629 3676 hacunua,
639 3621 668 3662 ut
683 3614 754 3662 modo
772 3612 891 3675 dicabam,
906 3611 975 3675 quasi
992 3611 1024 3660 de
1035 3611 1090 3660 ririr
1101 3612 1125 3658 in
1143 3625 1168 3660 re
1184 3611 1284 3662 nuilitnri'

178 3695 360 3757 prntantiBur3
377 3693 451 3758 idque
467 3695 501 3742 da
512 3695 578 3742 nonu
597 3694 762 3757 predicat-n.
795 3691 898 3740 Memini
916 3691 1112 3747 minuuntur
1125 3691 1223 3754 prinum
1235 3708 1276 3741 ra·

176 3773 255 3831 niatia,
264 3775 309 3822 irnc
319 3775 468 3824 aoinnrmndu
479 3775 551 3824 tuirae
563 3776 689 3839 proteram.
706 3776 770 3840 quod
782 3772 802 3822 ai
813 3788 877 3822 nunu
889 3788 913 3822 re
924 3787 979 3822 rora
989 3772 1111 3821 erientiam
1123 3772 1184 3821 hano
1196 3773 1281 3836 adapti-

177 3854 244 3910 “iitr
255 3863 331 3904 eante
341 3857 440 3920 propitii
450 3873 458 3906 r
477 3857 585 3921 protecto
595 3872 638 3905 aar
647 3857 746 3920 perinde
756 3871 784 3904 nc
794 3855 852 3904 deor
868 3855 974 3917 advoco,
985 3853 1109 3901 niremanr
1118 3861 1147 3900 ut
1158 3854 1278 3916 rupednra

178 3943 257 3982 errata
266 3935 323 3982 mihi
335 3951 398 3986 nunu
409 3937 545 4000 ignoaoatia.
564 3937 637 4001 [2⁷⁴]
657 3937 746 3986 Varum
758 3936 846 3994 ridete,
855 3951 870 3982 o
888 3933 1039 3999 Eutirydeme
1050 3931 1275 3999 Dionyaodoreque.

175 4023 257 4064 utrum
268 4027 322 4060 rara
340 4013 479 4078 loquamini.
496 4033 573 4080 nequa
591 4017 673 4065 rairum
684 4017 758 4066 rideri
775 4015 881 4073 debenti
892 4015 946 4080 quia
965 4015 997 4062 rei
1013 4014 1080 4062 irtiur
1096 4029 1166 4078 quam
1178 4013 1277 4078 poltice-

176 4094 238 4144 ruini
258 4093 442 4158 magnitudinem
462 4097 588 4156 testinans,
604 4097 702 4148 difficile
719 4097 808 4146 eredat.
841 4097 890 4144 Eu.
907 4096 979 4146 Certe
996 4094 1057 4144 rcito
1076 4096 1109 4144 ita
1124 4085 1184 4152 eiua,
1198 4111 1213 4142 0
1229 4094 1276 4144 Sn-

174 4181 261 4224 aataa.
291 4173 335 4222 So.
353 4174 594 4238 Beatiorrreqnidem
606 4193 647 4226 roa
658 4175 771 4239 obnujua
792 4177 826 4224 rei
845 4175 1108 4240 praaemionenr,qunm
1127 4177 1160 4224 nb
1177 4189 1274 4239 reguum

175 4269 246 4302 auum
259 4269 367 4317 magnum
377 4271 456 4319 ¹regern
467 4255 585 4306 exitumn.
620 4255 707 4304 Verum
718 4256 799 4312 diuite,
810 4271 900 4320 quaro,
910 4263 987 4303 utrum
999 4257 1124 4304 ortonderu
1140 4257 1201 4304 hano
1212 4257 1276 4320 rapi·

175 4333 266 4382 entitur
275 4334 396 4398 cogitetin
406 4352 437 4386 an
446 4335 516 4386 aliter
526 4335 594 4384 vobin
610 4336 642 4384 rit
655 4335 800 4384 nonauiturn.
831 4336 880 4384 Eu.
899 4335 940 4384 Ad
960 4337 1005 4384 hoo
1021 4336 1107 4400 iprum,
1124 4353 1139 4385 0
1157 4336 1274 4396 &eatan

174 4415 293 4472 renimua.
305 4425 416 4481 unquam
428 4416 609 4466 demonstraturi
618 4424 691 4482 atqua
700 4417 803 4476 donturi‚
820 4416 840 4466 ri
850 4417 903 4482 quir
914 4415 1005 4466 direrre
1016 4417 1106 4481 cupiat.
1139 4418 1181 4467 So.
1198 4419 1283 4482 Atqui.

176 4499 242 4561 qnod
253 4497 334 4546 volent
344 4515 425 4550 oraner
436 4499 571 4566 quicunque
581 4507 671 4558 eareat,
682 4501 735 4564 ipre
746 4499 811 4552 vobin
820 4497 889 4566 quasi
900 4489 1105 4564 rpnnaor'nffinuo.
1122 4515 1167 4566 eqo
1176 4500 1274 4564 quidem

246 4579 315 4629 Pur.
330 4579 373 4632 Tr.
719 4582 740 4632 1.
1177 4585 1193 4630 2
1209 4581 1232 4628 Ο
