3144 5310
152 468 231 546 ειη
608 469 803 530 conotus,
1194 475 1255 532 eos

155 615 377 677 emerendum
387 624 490 674 rernm
500 623 566 672 vrri..
582 639 671 672 reson
689 625 731 674 uu
743 624 836 672 ruerus
852 623 891 672 ure
906 622 1037 687 cujuslibet
1056 614 1267 676 strenuuin...-

155 707 210 756 esse'
220 697 319 760 comior.
330 705 370 770 qui
380 707 437 754 cum
447 706 566 769 scceperit
583 715 737 761 mensuetum,
749 705 822 770 mugio
833 705 907 753 ierurn
918 704 1046 754 reddiderit
1056 719 1126 768 quem
1138 701 1249 771 occepit?

156 785 258 835 Videtur
273 787 325 843 tibi,
344 787 436 836 oecoel
470 785 536 834 Cir..
555 787 671 835 comoedo
688 787 846 849 equidem.nt
861 787 904 834 t'dii
923 793 1013 850 grsturn
1031 784 1126 834 t'seism.
1160 785 1204 834 So.
1220 786 1251 834 In

152 867 201 915 lroe
212 873 323 930 precere·
334 859 463 930 grstitiosre
471 865 538 923 milri,
549 866 701 929 respondens,
713 873 789 914 utrum
801 867 871 914 homo
883 881 955 914 uuum
964 865 997 914 sit
1008 859 1153 923 eniminum,
1164 879 1249 916 necne.

151 946 225 996 (ist.
239 939 306 1004 Quid
316 947 400 1011 roges?
434 948 477 996 Se.
494 945 583 995 Nonne
594 946 715 995 hominum
725 961 804 994 enrsrn
816 947 919 996 Pericles
929 946 1050 995 lrsbebst?
1084 947 1149 996 Csr..
1167 945 1250 996 Hebe·

151 1025 204 1076 oet.
237 1026 280 1076 So.
297 1027 363 1082 Quid
374 1027 449 1089 ergo?
466 1041 496 1074 sn
507 1041 556 1074 non
568 1026 693 1090 eportebst
702 1027 776 1089 ipsos.
788 1019 986 1090 quemstlmoduur¹
998 1027 1070 1074 modo
1080 1027 1250 1085 cmseosiurns,

149 1105 264 1168 §tutiores
275 1121 304 1154 es
315 1101 477 1170 injustioribus
492 1108 522 1156 sb
540 1107 582 1155 illo
594 1109 666 1156 tuisse
687 1107 779 1154 lectos?
797 1107 816 1153 si
833 1108 929 1169 quidem
949 1106 988 1154 ille
1007 1106 1048 1169 qni
1059 1107 1154 1155 cumbet
1165 1121 1215 1164 eos,
1226 1105 1252 1156 io

150 1180 227 1235 rebns'
234 1187 342 1236 civilibus
358 1187 449 1251 peritus
465 1197 523 1236 eret.
557 1188 622 1238 Ceu.
638 1187 744 1237 Prorsus.
777 1187 819 1234 So.
835 1184 923 1234 Nonne
938 1186 997 1248 justi
1014 1182 1129 1234 mansueti
1147 1194 1211 1244 sunt,
1223 1188 1251 1234 ut

150 1263 332 1317 sitilomerusi
350 1277 375 1316 tu
387 1285 442 1318 vero
460 1270 518 1334 quid
536 1269 590 1317 sis?
608 1261 823 1316 monnesimiliter?
855 1267 920 1315 Cru'.
937 1267 994 1314 Aio.
1027 1266 1069 1314 So.
1086 1265 1253 1314 Verumtsmes

149 1341 215 1394 ieros
226 1347 301 1413 magis
310 1347 375 1412 ipsos
387 1349 491 1400 reddidit
499 1366 569 1414 quem
580 1355 719 1412 seoeperstz
736 1349 808 1411 idque
817 1348 961 1398 sdversusse
970 1341 1063 1410 ips‘urn3
1082 1346 1146 1410 qnod
1154 1345 1251 1409 quidem

149 1424 250 1476 minime
268 1429 389 1481 voluisset.
423 1430 487 1480 Csr..
515 1431 589 1480 Visne
609 1430 653 1477 tibi
669 1429 798 1478 assentior?
831 1429 872 1476 So.
898 1428 923 1476 Si
944 1427 1026 1475 videor
1043 1427 1086 1474 tibi
1104 1439 1158 1474 vere
1177 1425 1254 1490 loqui.

149 1505 220 1554 Cir..
237 1507 291 1556 Sint
308 1509 361 1556 ists.
394 1511 437 1558 So.
455 1511 557 1558 Proinde
573 1511 592 1558 si
611 1510 686 1574 rengis
704 1509 774 1564 ierus,
792 1525 848 1574 ergo
871 1508 1007 1572 injustiores
1023 1514 1095 1572 etque
1114 1506 1253 1554 deteriores.

147 1585 221 1636 Cur..
238 1587 305 1638 Esto.
338 1590 381 1640 So.
397 1585 554 1648 Quamobrem
574 1605 622 1639 non
642 1592 718 1638 bourn
735 1591 764 1637 sd
784 1583 950 1653 rempublicam
970 1589 1178 1637 sdministrsndsss
1195 1587 1253 1636 elris

152 1665 262 1716 Pericles
278 1676 336 1731 eret,
354 1663 382 1717 rit
398 1665 457 1718 rslio
476 1671 527 1719 hee
544 1669 655 1720 ostendit.
688 1669 753 1719 Cer..
772 1669 874 1726 Non,ut
892 1669 943 1732 ipse
961 1671 1005 1720 sis.
1039 1671 1080 1718 So.
1099 1669 1145 1717 Per
1156 1667 1251 1725 Iovem,

153 1761 237 1810 meque
248 1755 275 1795 rrt
286 1757 312 1796 tu
329 1749 415 1813 inquis,
423 1765 469 1813 per
485 1765 514 1798 es
529 1745 585 1813 quss'
598 1749 726 1798 conficeris.
757 1748 848 1796 Rursus
868 1757 946 1798 sutem
955 1750 1014 1798 mihi
1025 1751 1056 1798 de
1066 1750 1166 1798 Cimone
1176 1747 1253 1797 dicss.

151 1840 238 1876 mnne
248 1827 409 1893 relegeremnt
419 1845 473 1878 euru
484 1829 519 1878 illi
530 1846 590 1894 quos
606 1831 659 1894 ipse
677 1837 805 1887 enrsserst,
821 1836 849 1877 ut
859 1844 940 1879 recem
958 1829 1010 1894 ejus
1021 1829 1138 1877 decennio
1148 1843 1197 1877 noo
1208 1843 1251 1876 so·

149 1905 250 1954 disent?
283 1907 399 1958 Preteres
416 1905 527 1960 sdrersus
545 1910 728 1960 Themistoclem
743 1910 809 1958 idern
829 1910 945 1968 iecerunt,
964 1919 1036 1974 etque
1052 1907 1134 1958 exsilio
1155 1909 1251 1972 insuper

148 1987 303 2037 dsnrnstere.
336 1987 471 2039 Miltisdern
484 2007 546 2047 reso,
557 1993 599 2056 qui
616 1992 641 2038 in
657 1991 800 2039 Murstlrone
816 1987 942 2055 pu'gnsrit,
956 1991 982 2038 in
1001 1990 1099 2039 esrecris
1118 1989 1252 2036 berethruor

111 2075 115 2082 ’
152 2067 278 2117 detrudere
289 2069 458 2120 decreverunt:
475 2085 503 2119 se
512 2070 558 2118 nisi
569 2071 699 2119 obstitisset
711 2071 867 2135 magistratus,
879 2061 960 2135 procril
970 2071 1043 2120 dubio
1055 2069 1186 2120 incidisset.
1218 2066 1253 2116 At

152 2150 238 2197 verosi
257 2151 322 2207 boni.
333 2159 361 2200 ut
378 2159 403 2200 tu
422 2152 884 2217 sis‚l1isuisseotuisi.tslisnnoqusm
900 2152 1005 2218 perpessi
1013 2153 1122 2202 inissent.
1156 2148 1251 2199 Etenim

151 2231 243 2293 sunge
254 2232 309 2279 boni
317 2247 363 2280 nou
375 2232 484 2282 slsiuitio'
500 2234 597 2300 quidem
613 2249 662 2282 non
676 2234 804 2282 excidunt:
823 2241 948 2299 postquem
959 2250 1015 2284 vero
1026 2229 1251 2300 equoscursrerint‚

151 2309 249 2374 ipsique
260 2313 366 2362 meliores
374 2314 431 2362 sueti
442 2315 533 2362 luerint
551 2315 647 2380 surige,
659 2322 716 2363 tuno
732 2315 852 2363 excidunt.
870 2316 975 2379 proiectu
985 2331 1033 2363 non
1044 2303 1123 2363 estiis
1134 2320 1160 2361 ut
1171 2314 1197 2361 in
1209 2325 1251 2359 nu·

150 2390 238 2453 rigoris
259 2393 296 2440 sel
318 2394 342 2440 in
360 2393 407 2444 elio
423 2395 509 2458 quotis
520 2412 600 2460 opere.
634 2396 675 2443 An
692 2397 735 2444 tibi
752 2395 860 2444 ridetur?
894 2395 959 2445 Cur..
984 2395 1094 2445 Minime.
1126 2393 1170 2442 So.
1187 2387 1253 2441 Vere

151 2470 228 2533 igiter
238 2481 305 2519 erent
313 2489 366 2537 quse
377 2475 469 2524 snolris
481 2475 504 2525 io
517 2475 675 2540 superioribus
692 2475 941 2532 dicebantur‚'nullum
958 2475 1032 2538 [tlt]
1048 2474 1159 2524 uidelicet
1167 2475 1194 2522 in
1204 2465 1251 2522 hoo

149 2550 253 2599 eisitste
264 2565 308 2599 nos
318 2553 390 2602 virum
402 2555 461 2604 seire
472 2555 597 2612 exstitisse,
607 2555 648 2619 qui
665 2557 691 2603 in
702 2571 728 2604 re
739 2555 835 2618 publice
845 2556 921 2603 bonus
932 2545 991 2604 ciris
1001 2563 1063 2604 esset
1074 2555 1205 2603 hsbendns.
1224 2559 1251 2599 tu

151 2647 209 2680 vero
218 2627 339 2681 confessos
350 2635 384 2690 es,
396 2634 486 2682 nullutn
497 2651 526 2683 er
538 2635 574 2684 liis
584 2635 626 2700 qui
637 2651 701 2684 nune
712 2643 776 2699 sunt,
787 2651 838 2684 esse
855 2623 926 2684 telem
938 2651 945 2682 r
961 2651 989 2684 ex
1001 2635 1037 2682 his
1047 2641 1125 2682 sotem
1137 2633 1179 2698 qui
1191 2647 1251 2696 pro·

152 2720 283 2770 mserunt,
294 2705 411 2763 exstitisse
421 2715 558 2773 nonnullos,
569 2723 641 2780 stque
649 2716 709 2765 inter
719 2732 760 2764 eos
769 2717 865 2780 quidem
877 2717 920 2765 lrns
932 2717 992 2765 viros
1002 2731 1049 2780 pne
1060 2715 1144 2764 ceteris
1151 2711 1252 2780 elegisti.

152 2792 180 2840 lsi
189 2809 243 2842 reso
254 2808 302 2841 nors
319 2794 388 2843 sliter
402 2811 428 2844 se
444 2792 530 2845 hsbere
548 2797 592 2844 heo
610 2796 634 2843 in
652 2811 685 2859 re,
696 2811 765 2860 quem
776 2798 819 2862 qui
830 2813 893 2846 nunc
906 2805 969 2856 suut,
980 2803 1148 2861 apparuerunt.
1182 2793 1250 2850 Qus·

152 2879 249 2936 propter
258 2875 278 2922 si
289 2874 312 2922 hi
324 2882 426 2924 oratores
437 2877 540 2934 lusmnt,
550 2891 629 2941 neque
640 2893 694 2925 vers
711 2878 826 2927 rhetorice
838 2877 873 2927 usi
883 2885 939 2926 suot
949 2877 1069 2944 (alioquin
1080 2889 1199 2941 nonqusrn
1209 2889 1249 2924 ce·

150 2953 287 3019 ddissent),
298 2969 376 3020 neque
386 2957 524 3008 ndulstoris.
557 2957 622 3008 Cet.
640 2958 745 3007 Multum
756 2967 835 3008 temen
844 2961 920 3018 obest,
930 2976 945 3008 o
956 2961 1072 3015 Socrates,
1084 2947 1114 3005 ntv
1122 2957 1248 3022 qnisqnsrs

150 3047 232 3082 eornm
242 3035 284 3100 qni
293 3051 356 3085 nnnc
366 3045 422 3085 sunt
431 3039 488 3086 telis
498 3039 602 3102 gesserit,
613 3039 694 3105 quslis
704 3041 801 3089 istorum
813 3042 889 3106 quiris
905 3041 985 3106 gessit.
1016 3042 1061 3090 So.
1078 3039 1102 3088 0
1112 3040 1190 3094 bcste,
1202 3051 1247 3084 nee

150 3129 207 3177 ego,
220 3111 335 3180 quentin
353 3120 383 3166 sd
403 3117 505 3168 ciritetis
525 3120 749 3170 sdrsinistmtlonern
765 3124 875 3185 pertinet,
893 3123 952 3170 istos
968 3119 1093 3185 vitupero:
1111 3119 1183 3166 immo
1194 3107 1249 3190 vero

151 3195 197 3244 he
207 3194 232 3245 io
248 3211 273 3244 re
283 3197 340 3246 milri
352 3197 461 3247 videnlur
471 3199 634 3264 diligentiores
645 3217 716 3266 quem
726 3202 750 3249 hi
761 3203 834 3250 nestri
845 3202 927 3262 luisse,
936 3201 1086 3266 optioresque
1096 3199 1127 3246 sd
1138 3197 1180 3244 ills
1190 3209 1249 3244 eous-

151 3273 262 3335 ocium,
278 3293 335 3342 qun
354 3280 438 3327 oiritss
457 3281 579 3344 copiebst,
590 3295 670 3329 rerum
689 3282 714 3328 lo
731 3295 770 3329 eo.
786 3281 851 3344 quod
866 3281 980 3344 esstigsre
1000 3279 1086 3328 civium
1105 3275 1249 3340 copiditstes

150 3364 356 3423 operientesque
372 3358 418 3408 lllis
429 3361 599 3418 obsecundare,
610 3362 651 3409 sed
668 3363 693 3408 e't
709 3361 874 3424 pemusdendo
892 3367 916 3408 et
935 3359 1044 3424 cogendo
1057 3358 1087 3405 sd
1104 3357 1150 3404 lroo
1168 3356 1248 3424 ipsum

151 3436 280 3499 perditem
290 3439 353 3487 unde
363 3440 470 3488 melioret
480 3439 552 3488 iutusl
562 3441 613 3488 sint
624 3440 696 3496 cives,
707 3439 776 3495 nillil,
787 3447 814 3486 ut
824 3439 859 3486 its
876 3440 966 3503 loquor,
979 3439 1039 3486 iuter
1054 3439 1096 3485 hos
1113 3443 1185 3500 etque
1194 3435 1248 3483 illos

149 3517 263 3566 interest:
280 3517 344 3583 qood
356 3520 452 3584 quidem
463 3519 539 3568 solum
550 3527 586 3568 est
597 3520 654 3568 boni
664 3519 722 3568 citis
734 3519 845 3569 officium.
880 3517 992 3567 Attsmen
1004 3517 1047 3567 tibi
1060 3517 1184 3573 confiteor,
1193 3515 1248 3563 illos

149 3597 187 3646 ltis
197 3598 299 3661 sptioses
309 3599 380 3648 icisse
399 3597 429 3648 sd
445 3615 526 3657 usses,
537 3599 639 3661 sessile,
650 3597 737 3648 monis
756 3599 848 3664 nlisqne
866 3597 984 3664 ejusmodi
1002 3598 1076 3647 mults
1092 3597 1126 3647 rei
1146 3594 1249 3662 publiesi

148 3680 317 3742 eompsmnds.
350 3679 380 3728 ln
391 3675 438 3730 re'm
447 3695 504 3744 ergo
515 3681 638 3730 ridiculam
647 3695 693 3744 ego
704 3687 765 3730 sets
777 3680 919 3744 disputando
928 3680 1076 3730 revolvimur.
1093 3678 1210 3750 siquidem
1223 3673 1249 3722 in

147 3757 214 3806 omni
224 3759 270 3808 hse
280 3760 441 3824 disputatione
456 3763 482 3810 in
498 3762 561 3811 idem
576 3761 669 3812 midae
681 3760 871 3818 circumferimur,
883 3761 940 3827 quld
952 3761 1058 3810 dicemus
1067 3759 1168 3807 invicem
1180 3757 1249 3819 igno-

147 3846 235 3888 notes.
270 3839 322 3903 Ego
332 3841 394 3888 euim
412 3849 436 3890 te
452 3843 537 3906 sepius
554 3839 698 3892 concessisse
709 3841 805 3890 nrbitror
816 3849 887 3907 etque
898 3842 1045 3906 cognovisse,
1056 3837 1174 3903 geminem
1185 3837 1246 3883 hene

147 3933 199 3968 osse
210 3917 348 3966 tseulssters
360 3919 422 3969 eires
430 3935 517 3985 eorpus
525 3929 550 3972 st
559 3924 622 3972 eires
632 3923 734 3973 soimsm
745 3925 892 3973 eontrieern.
909 3930 934 3972 et
950 3923 1045 3970 sltersru
1054 3921 1151 3984 quidem
1163 3911 1245 3964 ruinis·¹

148 4007 218 4056 mm,
227 4011 349 4064 perquam
359 4012 506 4064 quecorpus
516 4004 608 4067 cupiet,
618 4013 799 4068 eumpsrentur:
817 4003 891 4052 veluti
903 4004 922 4052 si
933 4003 1053 4062 inurerent,
1063 3999 1126 4059 eibi;
1144 3997 1164 4045 sl
1172 3995 1244 4052 sitiet,

147 4087 219 4142 potus
228 4095 236 4139 ς
255 4079 273 4126 si
283 4077 378 4141 frigent,
389 4088 476 4138 vestes,
488 4089 622 4140 enemente,
639 4084 712 4133 esleei
732 4093 857 4148 ceteroque
873 4097 926 4148 que
943 4083 974 4129 sd
991 4095 1059 4129 nsum
1075 4077 1179 4142 eorporis
1192 4075 1246 4150 ¹erl·

148 4159 245 4222 guntur.
279 4159 311 4207 Et
322 4159 430 4224 proiecto
441 4159 524 4209 dedite
534 4176 607 4226 opere
617 4165 710 4212 essdenr
723 4179 765 4228 per
776 4165 889 4227 imsgines
901 4162 944 4210 riti
955 4162 1045 4224 loquor,
1057 4166 1084 4206 ut
1101 4157 1194 4206 fecilior
1209 4156 1245 4204 in-

148 4241 250 4306 telligas,
261 4239 342 4290 lro'surn
352 4252 406 4290 esse·
416 4249 556 4305 petitorem,
568 4243 605 4290 rel
614 4259 745 4307 cauponem
757 4245 793 4292 rel
801 4251 961 4297 metatorem,
972 4249 1013 4288 sut
1025 4240 1133 4305 opificem
1145 4237 1246 4302 slicsjus

148 4321 252 4379 istorum,
264 4320 377 4372 videlieet
389 4323 501 4386 pistorem
519 4331 673 4388 sot-eoquum
685 4333 726 4372 ent
737 4331 850 4372 testnrem
865 4331 906 4371 sut
916 4322 1047 4372 calceorum
1058 4329 1158 4370 sutorem
1169 4307 1248 4368 intem

149 4399 411 4465 tosemqoe'eorioruro:
430 4421 474 4454 uec
491 4405 574 4453 mirum
591 4413 636 4470 est,
645 4421 700 4454 enm
717 4405 758 4468 qui
776 4404 829 4452 telis
848 4405 887 4462 sit,
898 4403 970 4453 videri
987 4404 1091 4470 eorporis
1106 4409 1244 4476 oumterem5

149 4488 194 4528 mm
210 4481 254 4530 sili
266 4499 336 4546 qoem
346 4485 398 4534 eliis
408 4487 586 4552 ignorentibus,
598 4501 649 4538 esse
661 4495 773 4553 proteres
784 4493 855 4536 ortem
866 4486 984 4552 qsnndsrs
994 4483 1162 4551 gymnesticsm
1172 4491 1252 4547 etque

126 4589 127 4594 =
208 4563 274 4614 ΡΜ.
294 4565 334 4616 Tr.
718 4568 740 4618 I.
1131 4575 1146 4620 2
1164 4567 1182 4616 F
