<?xml version="1.0" encoding="UTF-8"?>
<!DOCTYPE html PUBLIC "-//W3C//DTD XHTML 1.0 Transitional//EN"
    "http://www.w3.org/TR/xhtml1/DTD/xhtml1-transitional.dtd">
<html xmlns="http://www.w3.org/1999/xhtml" xml:lang="en" lang="en">
 <head>
  <title>
</title>
<meta http-equiv="Content-Type" content="text/html;charset=utf-8" />
  <meta name='ocr-system' content='tesseract 3.04.00' />
  <meta name='ocr-capabilities' content='ocr_page ocr_carea ocr_par ocr_line ocrx_word'/>
</head>
<body>
  <div class='ocr_page' id='page_1' title='image "./platonisetquaev06bekkgoog_0139.png"; bbox 0 0 3146 5316; ppageno 0'>
   <div class='ocr_carea' id='block_1_1' title="bbox 322 449 1420 529">
    <p class='ocr_par' dir='ltr' id='par_1_1' title="bbox 322 449 1420 529">
     <span class='ocr_line' id='line_1_1' title="bbox 322 449 1420 529; baseline -0.011 -9"><span class='ocrx_word' id='word_1_1' title='bbox 322 457 380 520; x_wconf 83' lang='lat' dir='ltr'><strong>ms</strong></span> <span class='ocrx_word' id='word_1_2' title='bbox 771 449 970 516; x_wconf 78' lang='lat' dir='ltr'><strong>rmrours</strong></span> <span class='ocrx_word' id='word_1_3' title='bbox 1350 449 1420 529; x_wconf 74' lang='lat' dir='ltr'><strong>[roo</strong></span> 
     </span>
    </p>
   </div>
   <div class='ocr_carea' id='block_1_2' title="bbox 318 601 1422 1883">
    <p class='ocr_par' dir='ltr' id='par_1_2' title="bbox 318 601 1422 1883">
     <span class='ocr_line' id='line_1_2' title="bbox 320 601 1419 674; baseline -0.012 -12"><span class='ocrx_word' id='word_1_4' title='bbox 320 627 394 662; x_wconf 88' lang='lat' dir='ltr'><strong>suoru</strong></span> <span class='ocrx_word' id='word_1_5' title='bbox 404 610 450 661; x_wconf 86' lang='lat' dir='ltr'><strong>illis</strong></span> <span class='ocrx_word' id='word_1_6' title='bbox 461 609 531 668; x_wconf 81' lang='lat' dir='ltr'><strong>inest,</strong></span> <span class='ocrx_word' id='word_1_7' title='bbox 541 607 656 674; x_wconf 90' lang='lat' dir='ltr'><strong>siquidem</strong></span> <span class='ocrx_word' id='word_1_8' title='bbox 667 619 716 656; x_wconf 90' lang='lat' dir='ltr'><strong>uuo</strong></span> <span class='ocrx_word' id='word_1_9' title='bbox 726 619 820 670; x_wconf 77' lang='lat' dir='ltr'><strong>ptumus</strong></span> <span class='ocrx_word' id='word_1_10' title='bbox 830 605 950 654; x_wconf 86' lang='lat' dir='ltr'><strong>orbantur.</strong></span> <span class='ocrx_word' id='word_1_11' title='bbox 982 603 1024 656; x_wconf 81' lang='lat' dir='ltr'><strong>Sic</strong></span> <span class='ocrx_word' id='word_1_12' title='bbox 1033 611 1079 656; x_wconf 84' lang='lat' dir='ltr'><strong>est.</strong></span> <span class='ocrx_word' id='word_1_13' title='bbox 1111 603 1197 668; x_wconf 75' lang='lat' dir='ltr'><strong>Imque</strong></span> <span class='ocrx_word' id='word_1_14' title='bbox 1214 617 1259 652; x_wconf 89' lang='lat' dir='ltr'><strong>rsec</strong></span> <span class='ocrx_word' id='word_1_15' title='bbox 1270 601 1364 658; x_wconf 82' lang='lat' dir='ltr'><strong>sirn&#39;lis.</strong></span> <span class='ocrx_word' id='word_1_16' title='bbox 1379 615 1419 650; x_wconf 88' lang='lat' dir='ltr'><strong>ue·</strong></span> 
     </span>
     <span class='ocr_line' id='line_1_3' title="bbox 319 682 1422 760; baseline -0.013 -16"><span class='ocrx_word' id='word_1_17' title='bbox 319 709 368 760; x_wconf 87' lang='lat' dir='ltr'><strong>que</strong></span> <span class='ocrx_word' id='word_1_18' title='bbox 378 691 508 746; x_wconf 87' lang='lat' dir='ltr'><strong>dissimilis.</strong></span> <span class='ocrx_word' id='word_1_19' title='bbox 519 705 563 739; x_wconf 83' lang='lat' dir='ltr'><strong>uec</strong></span> <span class='ocrx_word' id='word_1_20' title='bbox 575 689 658 739; x_wconf 83' lang='lat' dir='ltr'><strong>eudem</strong></span> <span class='ocrx_word' id='word_1_21' title='bbox 669 695 725 736; x_wconf 87' lang='lat' dir='ltr'><strong>suut</strong></span> <span class='ocrx_word' id='word_1_22' title='bbox 735 687 782 736; x_wconf 84' lang='lat' dir='ltr'><strong>ulia</strong></span> <span class='ocrx_word' id='word_1_23' title='bbox 790 686 841 742; x_wconf 87' lang='lat' dir='ltr'><strong>uni,</strong></span> <span class='ocrx_word' id='word_1_24' title='bbox 849 701 929 750; x_wconf 88' lang='lat' dir='ltr'><strong>usque</strong></span> <span class='ocrx_word' id='word_1_25' title='bbox 937 685 984 734; x_wconf 93' lang='lat' dir='ltr'><strong>illis</strong></span> <span class='ocrx_word' id='word_1_26' title='bbox 994 685 1124 735; x_wconf 67' lang='lat' dir='ltr'>similitudo</span> <span class='ocrx_word' id='word_1_27' title='bbox 1135 701 1164 736; x_wconf 89' lang='lat' dir='ltr'><strong>ac</strong></span> <span class='ocrx_word' id='word_1_28' title='bbox 1173 683 1344 734; x_wconf 66' lang='lat' dir='ltr'><strong>dissimilitudo</strong></span> <span class='ocrx_word' id='word_1_29' title='bbox 1354 682 1422 730; x_wconf 84' lang='lat' dir='ltr'><strong>isest.</strong></span> 
     </span>
     <span class='ocr_line' id='line_1_4' title="bbox 319 762 1419 836; baseline -0.011 -13"><span class='ocrx_word' id='word_1_30' title='bbox 319 773 415 823; x_wconf 88' lang='lat' dir='ltr'><strong>sienim</strong></span> <span class='ocrx_word' id='word_1_31' title='bbox 431 771 518 821; x_wconf 84' lang='lat' dir='ltr'><strong>similis</strong></span> <span class='ocrx_word' id='word_1_32' title='bbox 533 777 604 836; x_wconf 91' lang='lat' dir='ltr'><strong>atque</strong></span> <span class='ocrx_word' id='word_1_33' title='bbox 617 767 740 818; x_wconf 85' lang='lat' dir='ltr'><strong>dissimilia</strong></span> <span class='ocrx_word' id='word_1_34' title='bbox 755 767 808 832; x_wconf 88' lang='lat' dir='ltr'><strong>ipsa</strong></span> <span class='ocrx_word' id='word_1_35' title='bbox 824 774 913 830; x_wconf 63' lang='lat' dir='ltr'><strong>aaut,</strong></span> <span class='ocrx_word' id='word_1_36' title='bbox 929 781 958 816; x_wconf 87' lang='lat' dir='ltr'><strong>ex</strong></span> <span class='ocrx_word' id='word_1_37' title='bbox 974 783 1004 815; x_wconf 87' lang='lat' dir='ltr'><strong>eo</strong></span> <span class='ocrx_word' id='word_1_38' title='bbox 1020 767 1086 831; x_wconf 88' lang='lat' dir='ltr'><strong>quod</strong></span> <span class='ocrx_word' id='word_1_39' title='bbox 1102 767 1128 814; x_wconf 92' lang='lat' dir='ltr'><strong>in</strong></span> <span class='ocrx_word' id='word_1_40' title='bbox 1139 781 1164 816; x_wconf 91' lang='lat' dir='ltr'><strong>se</strong></span> <span class='ocrx_word' id='word_1_41' title='bbox 1174 766 1232 831; x_wconf 84' lang='lat' dir='ltr'><strong>ipsis</strong></span> <span class='ocrx_word' id='word_1_42' title='bbox 1241 762 1419 813; x_wconf 72' lang='lat' dir='ltr'><strong>similitudieem</strong></span> 
     </span>
     <span class='ocr_line' id='line_1_5' title="bbox 318 843 1420 916; baseline -0.011 -13"><span class='ocrx_word' id='word_1_43' title='bbox 318 851 580 916; x_wconf 59' lang='lat' dir='ltr'><strong>&amp;similitudinemque</strong></span> <span class='ocrx_word' id='word_1_44' title='bbox 599 851 721 912; x_wconf 67' lang='lat' dir='ltr'><strong>habeam,</strong></span> <span class='ocrx_word' id='word_1_45' title='bbox 735 849 795 896; x_wconf 89' lang='lat' dir='ltr'><strong>duas</strong></span> <span class='ocrx_word' id='word_1_46' title='bbox 812 845 894 910; x_wconf 89' lang='lat' dir='ltr'><strong>utique</strong></span> <span class='ocrx_word' id='word_1_47' title='bbox 911 846 1040 897; x_wconf 85' lang='lat' dir='ltr'><strong>contrarias</strong></span> <span class='ocrx_word' id='word_1_48' title='bbox 1060 847 1161 896; x_wconf 79' lang='lat' dir='ltr'><strong>invicem</strong></span> <span class='ocrx_word' id='word_1_49' title='bbox 1181 846 1274 912; x_wconf 83' lang='lat' dir='ltr'><strong>speeies</strong></span> <span class='ocrx_word' id='word_1_50' title='bbox 1292 845 1347 908; x_wconf 89' lang='lat' dir='ltr'><strong>ipss</strong></span> <span class='ocrx_word' id='word_1_51' title='bbox 1364 843 1420 900; x_wconf 86' lang='lat' dir='ltr'><strong>slis,</strong></span> 
     </span>
     <span class='ocr_line' id='line_1_6' title="bbox 320 925 1420 1000; baseline -0.012 -17"><span class='ocrx_word' id='word_1_52' title='bbox 320 933 519 1000; x_wconf 85' lang='lat' dir='ltr'><strong>qusmuoum,iu</strong></span> <span class='ocrx_word' id='word_1_53' title='bbox 532 947 559 981; x_wconf 88' lang='lat' dir='ltr'><strong>se</strong></span> <span class='ocrx_word' id='word_1_54' title='bbox 576 930 634 996; x_wconf 81' lang='lat' dir='ltr'><strong>ipsis</strong></span> <span class='ocrx_word' id='word_1_55' title='bbox 642 929 878 994; x_wconf 84' lang='lat' dir='ltr'><strong>comprehenderent.</strong></span> <span class='ocrx_word' id='word_1_56' title='bbox 910 925 1027 992; x_wconf 82' lang='lat' dir='ltr'><strong>Apparet.</strong></span> <span class='ocrx_word' id='word_1_57' title='bbox 1060 927 1122 977; x_wconf 77' lang='lat' dir='ltr'><strong>liieri</strong></span> <span class='ocrx_word' id='word_1_58' title='bbox 1140 935 1219 976; x_wconf 81' lang='lat' dir='ltr'><strong>tumen</strong></span> <span class='ocrx_word' id='word_1_59' title='bbox 1229 941 1279 974; x_wconf 89' lang='lat' dir='ltr'><strong>uou</strong></span> <span class='ocrx_word' id='word_1_60' title='bbox 1291 931 1380 990; x_wconf 83' lang='lat' dir='ltr'><strong>potest,</strong></span> <span class='ocrx_word' id='word_1_61' title='bbox 1393 930 1420 970; x_wconf 89' lang='lat' dir='ltr'><strong>ut</strong></span> 
     </span>
     <span class='ocr_line' id='line_1_7' title="bbox 322 1003 1421 1080; baseline -0.012 -16"><span class='ocrx_word' id='word_1_62' title='bbox 322 1029 377 1080; x_wconf 76' lang='lat' dir='ltr'><strong>qun</strong></span> <span class='ocrx_word' id='word_1_63' title='bbox 390 1014 457 1064; x_wconf 90' lang='lat' dir='ltr'><strong>nullo</strong></span> <span class='ocrx_word' id='word_1_64' title='bbox 471 1011 625 1078; x_wconf 67' lang='lat' dir='ltr'><strong>paulumne,</strong></span> <span class='ocrx_word' id='word_1_65' title='bbox 638 1011 688 1061; x_wconf 90' lang='lat' dir='ltr'><strong>duo</strong></span> <span class='ocrx_word' id='word_1_66' title='bbox 707 1011 816 1075; x_wconf 72' lang='lat' dir='ltr'><strong>quedem</strong></span> <span class='ocrx_word' id='word_1_67' title='bbox 837 1009 862 1058; x_wconf 90' lang='lat' dir='ltr'><strong>iu</strong></span> <span class='ocrx_word' id='word_1_68' title='bbox 878 1023 903 1058; x_wconf 90' lang='lat' dir='ltr'><strong>se</strong></span> <span class='ocrx_word' id='word_1_69' title='bbox 916 1007 976 1073; x_wconf 90' lang='lat' dir='ltr'><strong>ipsis</strong></span> <span class='ocrx_word' id='word_1_70' title='bbox 992 1009 1121 1075; x_wconf 82' lang='lat' dir='ltr'><strong>sccipisut.</strong></span> <span class='ocrx_word' id='word_1_71' title='bbox 1153 1007 1211 1057; x_wconf 86' lang='lat' dir='ltr'><strong>Nou</strong></span> <span class='ocrx_word' id='word_1_72' title='bbox 1227 1013 1302 1057; x_wconf 85' lang='lat' dir='ltr'><strong>certe.</strong></span> <span class='ocrx_word' id='word_1_73' title='bbox 1337 1003 1421 1068; x_wconf 87' lang='lat' dir='ltr'><strong>Neque</strong></span> 
     </span>
     <span class='ocr_line' id='line_1_8' title="bbox 322 1085 1420 1160; baseline -0.011 -16"><span class='ocrx_word' id='word_1_74' title='bbox 322 1111 378 1160; x_wconf 86' lang='lat' dir='ltr'><strong>ergo</strong></span> <span class='ocrx_word' id='word_1_75' title='bbox 389 1093 481 1156; x_wconf 87' lang='lat' dir='ltr'><strong>similis,</strong></span> <span class='ocrx_word' id='word_1_76' title='bbox 491 1107 571 1157; x_wconf 82' lang='lat' dir='ltr'><strong>neque</strong></span> <span class='ocrx_word' id='word_1_77' title='bbox 580 1092 652 1142; x_wconf 86' lang='lat' dir='ltr'><strong>etism</strong></span> <span class='ocrx_word' id='word_1_78' title='bbox 670 1089 793 1140; x_wconf 86' lang='lat' dir='ltr'><strong>dissimilis</strong></span> <span class='ocrx_word' id='word_1_79' title='bbox 808 1097 873 1148; x_wconf 90' lang='lat' dir='ltr'><strong>suut,</strong></span> <span class='ocrx_word' id='word_1_80' title='bbox 889 1104 968 1154; x_wconf 89' lang='lat' dir='ltr'><strong>neque</strong></span> <span class='ocrx_word' id='word_1_81' title='bbox 985 1089 1071 1154; x_wconf 88' lang='lat' dir='ltr'><strong>pariter</strong></span> <span class='ocrx_word' id='word_1_82' title='bbox 1089 1089 1168 1139; x_wconf 80' lang='lat' dir='ltr'><strong>ambo.</strong></span> <span class='ocrx_word' id='word_1_83' title='bbox 1185 1088 1274 1138; x_wconf 80' lang='lat' dir='ltr'><strong>etenim</strong></span> <span class='ocrx_word' id='word_1_84' title='bbox 1290 1086 1312 1135; x_wconf 93' lang='lat' dir='ltr'><strong>si</strong></span> <span class='ocrx_word' id='word_1_85' title='bbox 1326 1085 1420 1141; x_wconf 75' lang='lat' dir='ltr'><strong>simiis,</strong></span> 
     </span>
     <span class='ocr_line' id='line_1_9' title="bbox 323 1165 1421 1240; baseline -0.012 -14"><span class='ocrx_word' id='word_1_86' title='bbox 323 1175 397 1240; x_wconf 75' lang='grc'>[160]</span> <span class='ocrx_word' id='word_1_87' title='bbox 413 1175 450 1224; x_wconf 88' lang='lat' dir='ltr'><strong>sei</strong></span> <span class='ocrx_word' id='word_1_88' title='bbox 461 1173 584 1223; x_wconf 84' lang='lat' dir='ltr'><strong>dissimilia</strong></span> <span class='ocrx_word' id='word_1_89' title='bbox 594 1173 649 1231; x_wconf 91' lang='lat' dir='ltr'><strong>sint,</strong></span> <span class='ocrx_word' id='word_1_90' title='bbox 661 1187 709 1220; x_wconf 90' lang='lat' dir='ltr'><strong>ona</strong></span> <span class='ocrx_word' id='word_1_91' title='bbox 719 1172 822 1237; x_wconf 82' lang='lat' dir='ltr'><strong>quadum</strong></span> <span class='ocrx_word' id='word_1_92' title='bbox 833 1171 906 1220; x_wconf 80' lang='lat' dir='ltr'><strong>silem</strong></span> <span class='ocrx_word' id='word_1_93' title='bbox 914 1171 995 1236; x_wconf 89' lang='lat' dir='ltr'><strong>specie</strong></span> <span class='ocrx_word' id='word_1_94' title='bbox 1006 1171 1190 1235; x_wconf 67' lang='lat' dir='ltr'><strong>participarent:</strong></span> <span class='ocrx_word' id='word_1_95' title='bbox 1207 1177 1234 1218; x_wconf 87' lang='lat' dir='ltr'><strong>st</strong></span> <span class='ocrx_word' id='word_1_96' title='bbox 1242 1167 1263 1218; x_wconf 88' lang='lat' dir='ltr'><strong>si</strong></span> <span class='ocrx_word' id='word_1_97' title='bbox 1271 1167 1353 1223; x_wconf 73' lang='lat' dir='ltr'><strong>mos,</strong></span> <span class='ocrx_word' id='word_1_98' title='bbox 1363 1165 1421 1213; x_wconf 86' lang='lat' dir='ltr'><strong>dua·</strong></span> 
     </span>
     <span class='ocr_line' id='line_1_10' title="bbox 321 1244 1419 1322; baseline -0.012 -16"><span class='ocrx_word' id='word_1_99' title='bbox 321 1256 513 1322; x_wconf 81' lang='lat' dir='ltr'><strong>busquilsusdsm</strong></span> <span class='ocrx_word' id='word_1_100' title='bbox 523 1253 644 1304; x_wconf 84' lang='lat' dir='ltr'><strong>contrariis</strong></span> <span class='ocrx_word' id='word_1_101' title='bbox 654 1252 788 1318; x_wconf 89' lang='lat' dir='ltr'><strong>speciebus.</strong></span> <span class='ocrx_word' id='word_1_102' title='bbox 805 1252 856 1300; x_wconf 85' lang='lat' dir='ltr'><strong>brec</strong></span> <span class='ocrx_word' id='word_1_103' title='bbox 867 1258 946 1300; x_wconf 83' lang='lat' dir='ltr'><strong>autem</strong></span> <span class='ocrx_word' id='word_1_104' title='bbox 957 1251 1111 1315; x_wconf 86' lang='lat' dir='ltr'><strong>impossibilia</strong></span> <span class='ocrx_word' id='word_1_105' title='bbox 1122 1265 1173 1300; x_wconf 89' lang='lat' dir='ltr'><strong>ease</strong></span> <span class='ocrx_word' id='word_1_106' title='bbox 1188 1249 1275 1313; x_wconf 88' lang='lat' dir='ltr'><strong>patuit.</strong></span> <span class='ocrx_word' id='word_1_107' title='bbox 1307 1246 1373 1296; x_wconf 79' lang='lat' dir='ltr'><strong>Vere</strong></span> <span class='ocrx_word' id='word_1_108' title='bbox 1382 1244 1419 1293; x_wconf 90' lang='lat' dir='ltr'><strong>di·</strong></span> 
     </span>
     <span class='ocr_line' id='line_1_11' title="bbox 321 1329 1419 1400; baseline -0.014 -11"><span class='ocrx_word' id='word_1_109' title='bbox 321 1337 364 1388; x_wconf 88' lang='lat' dir='ltr'><strong>eis.</strong></span> <span class='ocrx_word' id='word_1_110' title='bbox 395 1335 453 1386; x_wconf 81' lang='lat' dir='ltr'><strong>Nou</strong></span> <span class='ocrx_word' id='word_1_111' title='bbox 463 1335 535 1400; x_wconf 85' lang='lat' dir='ltr'><strong>igitur</strong></span> <span class='ocrx_word' id='word_1_112' title='bbox 544 1335 638 1398; x_wconf 67' lang='lat' dir='ltr'><strong>adem.</strong></span> <span class='ocrx_word' id='word_1_113' title='bbox 648 1349 697 1382; x_wconf 91' lang='lat' dir='ltr'><strong>uou</strong></span> <span class='ocrx_word' id='word_1_114' title='bbox 708 1333 790 1391; x_wconf 83' lang='lat' dir='ltr'><strong>altem,</strong></span> <span class='ocrx_word' id='word_1_115' title='bbox 801 1347 850 1381; x_wconf 88' lang='lat' dir='ltr'><strong>uon</strong></span> <span class='ocrx_word' id='word_1_116' title='bbox 862 1331 960 1396; x_wconf 84' lang='lat' dir='ltr'><strong>sgitste,</strong></span> <span class='ocrx_word' id='word_1_117' title='bbox 972 1347 1019 1381; x_wconf 87' lang='lat' dir='ltr'><strong>nou</strong></span> <span class='ocrx_word' id='word_1_118' title='bbox 1030 1332 1120 1400; x_wconf 67' lang='lat' dir='ltr'><strong>quieta,</strong></span> <span class='ocrx_word' id='word_1_119' title='bbox 1126 1347 1176 1380; x_wconf 88' lang='lat' dir='ltr'><strong>nou</strong></span> <span class='ocrx_word' id='word_1_120' title='bbox 1186 1329 1296 1392; x_wconf 66' lang='lat' dir='ltr'><strong>orimus,</strong></span> <span class='ocrx_word' id='word_1_121' title='bbox 1305 1341 1356 1375; x_wconf 89' lang='lat' dir='ltr'><strong>uou</strong></span> <span class='ocrx_word' id='word_1_122' title='bbox 1367 1341 1419 1390; x_wconf 91' lang='lat' dir='ltr'><strong>per·</strong></span> 
     </span>
     <span class='ocr_line' id='line_1_12' title="bbox 322 1407 1422 1481; baseline -0.014 -13"><span class='ocrx_word' id='word_1_123' title='bbox 322 1418 412 1481; x_wconf 70' lang='lat' dir='ltr'><strong>ustis,</strong></span> <span class='ocrx_word' id='word_1_124' title='bbox 432 1431 482 1465; x_wconf 87' lang='lat' dir='ltr'><strong>nou</strong></span> <span class='ocrx_word' id='word_1_125' title='bbox 497 1414 596 1477; x_wconf 86' lang='lat' dir='ltr'><strong>rusjors,</strong></span> <span class='ocrx_word' id='word_1_126' title='bbox 615 1428 664 1462; x_wconf 85' lang='lat' dir='ltr'><strong>uon</strong></span> <span class='ocrx_word' id='word_1_127' title='bbox 684 1413 785 1470; x_wconf 81' lang='lat' dir='ltr'><strong>missure,</strong></span> <span class='ocrx_word' id='word_1_128' title='bbox 799 1427 849 1460; x_wconf 91' lang='lat' dir='ltr'><strong>nou</strong></span> <span class='ocrx_word' id='word_1_129' title='bbox 866 1427 945 1476; x_wconf 77' lang='lat' dir='ltr'><strong>equs,</strong></span> <span class='ocrx_word' id='word_1_130' title='bbox 960 1427 1008 1462; x_wconf 85' lang='lat' dir='ltr'><strong>uon</strong></span> <span class='ocrx_word' id='word_1_131' title='bbox 1021 1413 1125 1477; x_wconf 87' lang='lat' dir='ltr'><strong>denique</strong></span> <span class='ocrx_word' id='word_1_132' title='bbox 1136 1410 1341 1474; x_wconf 81' lang='lat' dir='ltr'><strong>sliudquidqusro</strong></span> <span class='ocrx_word' id='word_1_133' title='bbox 1353 1407 1422 1470; x_wconf 89' lang='lat' dir='ltr'><strong>lsujus</strong></span> 
     </span>
     <span class='ocr_line' id='line_1_13' title="bbox 322 1489 1418 1564; baseline -0.009 -18"><span class='ocrx_word' id='word_1_134' title='bbox 322 1496 415 1564; x_wconf 83' lang='lat' dir='ltr'><strong>generis</strong></span> <span class='ocrx_word' id='word_1_135' title='bbox 424 1495 506 1546; x_wconf 90' lang='lat' dir='ltr'><strong>sortita</strong></span> <span class='ocrx_word' id='word_1_136' title='bbox 516 1501 580 1544; x_wconf 88' lang='lat' dir='ltr'><strong>suut.</strong></span> <span class='ocrx_word' id='word_1_137' title='bbox 596 1508 651 1542; x_wconf 89' lang='lat' dir='ltr'><strong>nam</strong></span> <span class='ocrx_word' id='word_1_138' title='bbox 662 1491 682 1540; x_wconf 89' lang='lat' dir='ltr'><strong>si</strong></span> <span class='ocrx_word' id='word_1_139' title='bbox 692 1491 751 1556; x_wconf 92' lang='lat' dir='ltr'><strong>quid</strong></span> <span class='ocrx_word' id='word_1_140' title='bbox 761 1493 809 1542; x_wconf 83' lang='lat' dir='ltr'><strong>tsle</strong></span> <span class='ocrx_word' id='word_1_141' title='bbox 818 1493 973 1557; x_wconf 83' lang='lat' dir='ltr'><strong>susceperint,</strong></span> <span class='ocrx_word' id='word_1_142' title='bbox 987 1509 1134 1559; x_wconf 88' lang='lat' dir='ltr'><strong>unoquoque</strong></span> <span class='ocrx_word' id='word_1_143' title='bbox 1144 1501 1171 1541; x_wconf 84' lang='lat' dir='ltr'><strong>et</strong></span> <span class='ocrx_word' id='word_1_144' title='bbox 1179 1491 1282 1546; x_wconf 86' lang='lat' dir='ltr'><strong>duobus.</strong></span> <span class='ocrx_word' id='word_1_145' title='bbox 1301 1497 1328 1540; x_wconf 81' lang='lat' dir='ltr'><strong>el</strong></span> <span class='ocrx_word' id='word_1_146' title='bbox 1338 1489 1418 1544; x_wconf 82' lang='lat' dir='ltr'><strong>tribus,</strong></span> 
     </span>
     <span class='ocr_line' id='line_1_14' title="bbox 323 1573 1421 1646; baseline -0.008 -19"><span class='ocrx_word' id='word_1_147' title='bbox 323 1579 422 1646; x_wconf 88' lang='lat' dir='ltr'><strong>parique</strong></span> <span class='ocrx_word' id='word_1_148' title='bbox 438 1583 465 1625; x_wconf 85' lang='lat' dir='ltr'><strong>et</strong></span> <span class='ocrx_word' id='word_1_149' title='bbox 478 1575 561 1638; x_wconf 83' lang='lat' dir='ltr'><strong>imperi</strong></span> <span class='ocrx_word' id='word_1_150' title='bbox 580 1573 749 1638; x_wconf 81' lang='lat' dir='ltr'><strong>perticipsreul</strong></span> <span class='ocrx_word' id='word_1_151' title='bbox 762 1589 769 1621; x_wconf 80' lang='lat' dir='ltr'><strong>s</strong></span> <span class='ocrx_word' id='word_1_152' title='bbox 784 1589 883 1639; x_wconf 85' lang='lat' dir='ltr'><strong>quorum</strong></span> <span class='ocrx_word' id='word_1_153' title='bbox 900 1573 1052 1639; x_wconf 79' lang='lat' dir='ltr'><strong>participatio</strong></span> <span class='ocrx_word' id='word_1_154' title='bbox 1067 1575 1114 1623; x_wconf 92' lang='lat' dir='ltr'><strong>illis</strong></span> <span class='ocrx_word' id='word_1_155' title='bbox 1125 1573 1197 1622; x_wconf 86' lang='lat' dir='ltr'><strong>setits</strong></span> <span class='ocrx_word' id='word_1_156' title='bbox 1211 1579 1250 1621; x_wconf 86' lang='lat' dir='ltr'><strong>est</strong></span> <span class='ocrx_word' id='word_1_157' title='bbox 1262 1585 1313 1619; x_wconf 90' lang='lat' dir='ltr'><strong>uuo</strong></span> <span class='ocrx_word' id='word_1_158' title='bbox 1330 1583 1421 1633; x_wconf 79' lang='lat' dir='ltr'><strong>prorsus</strong></span> 
     </span>
     <span class='ocr_line' id='line_1_15' title="bbox 322 1651 1421 1718; baseline -0.011 -8"><span class='ocrx_word' id='word_1_159' title='bbox 322 1657 464 1710; x_wconf 85' lang='lat' dir='ltr'><strong>carentibus.</strong></span> <span class='ocrx_word' id='word_1_160' title='bbox 498 1653 626 1704; x_wconf 85' lang='lat' dir='ltr'><strong>Verissims</strong></span> <span class='ocrx_word' id='word_1_161' title='bbox 645 1655 696 1703; x_wconf 77' lang='lat' dir='ltr'><strong>hec</strong></span> <span class='ocrx_word' id='word_1_162' title='bbox 714 1661 777 1703; x_wconf 88' lang='lat' dir='ltr'><strong>suut.</strong></span> <span class='ocrx_word' id='word_1_163' title='bbox 811 1655 857 1704; x_wconf 86' lang='lat' dir='ltr'><strong>ilis</strong></span> <span class='ocrx_word' id='word_1_164' title='bbox 875 1669 931 1718; x_wconf 82' lang='lat' dir='ltr'><strong>ergo</strong></span> <span class='ocrx_word' id='word_1_165' title='bbox 950 1655 1083 1710; x_wconf 88' lang='lat' dir='ltr'><strong>decausis,</strong></span> <span class='ocrx_word' id='word_1_166' title='bbox 1102 1669 1175 1704; x_wconf 90' lang='lat' dir='ltr'><strong>uuum</strong></span> <span class='ocrx_word' id='word_1_167' title='bbox 1194 1653 1274 1710; x_wconf 87' lang='lat' dir='ltr'><strong>siest,</strong></span> <span class='ocrx_word' id='word_1_168' title='bbox 1292 1651 1374 1700; x_wconf 87' lang='lat' dir='ltr'><strong>omnia</strong></span> <span class='ocrx_word' id='word_1_169' title='bbox 1387 1657 1421 1698; x_wconf 84' lang='lat' dir='ltr'><strong>est</strong></span> 
     </span>
     <span class='ocr_line' id='line_1_16' title="bbox 322 1732 1421 1801; baseline -0.011 -11"><span class='ocrx_word' id='word_1_170' title='bbox 322 1747 439 1797; x_wconf 74' lang='lat' dir='ltr'><strong>suomet</strong></span> <span class='ocrx_word' id='word_1_171' title='bbox 448 1735 508 1786; x_wconf 80' lang='lat' dir='ltr'><strong>nibil</strong></span> <span class='ocrx_word' id='word_1_172' title='bbox 519 1743 564 1793; x_wconf 85' lang='lat' dir='ltr'><strong>est,</strong></span> <span class='ocrx_word' id='word_1_173' title='bbox 574 1742 600 1784; x_wconf 83' lang='lat' dir='ltr'><strong>et</strong></span> <span class='ocrx_word' id='word_1_174' title='bbox 610 1735 640 1784; x_wconf 87' lang='lat' dir='ltr'><strong>sd</strong></span> <span class='ocrx_word' id='word_1_175' title='bbox 649 1749 674 1783; x_wconf 91' lang='lat' dir='ltr'><strong>so</strong></span> <span class='ocrx_word' id='word_1_176' title='bbox 685 1733 771 1800; x_wconf 86' lang='lat' dir='ltr'><strong>ipsum,</strong></span> <span class='ocrx_word' id='word_1_177' title='bbox 782 1743 854 1801; x_wconf 83' lang='lat' dir='ltr'><strong>etque</strong></span> <span class='ocrx_word' id='word_1_178' title='bbox 865 1737 896 1784; x_wconf 92' lang='lat' dir='ltr'><strong>sd</strong></span> <span class='ocrx_word' id='word_1_179' title='bbox 907 1735 953 1784; x_wconf 84' lang='lat' dir='ltr'><strong>ulis</strong></span> <span class='ocrx_word' id='word_1_180' title='bbox 965 1737 1050 1786; x_wconf 88' lang='lat' dir='ltr'><strong>eodem</strong></span> <span class='ocrx_word' id='word_1_181' title='bbox 1064 1738 1143 1784; x_wconf 87' lang='lat' dir='ltr'><strong>modo.</strong></span> <span class='ocrx_word' id='word_1_182' title='bbox 1175 1733 1281 1782; x_wconf 84' lang='lat' dir='ltr'><strong>Omnino</strong></span> <span class='ocrx_word' id='word_1_183' title='bbox 1296 1732 1332 1780; x_wconf 90' lang='lat' dir='ltr'><strong>sic</strong></span> <span class='ocrx_word' id='word_1_184' title='bbox 1346 1745 1372 1780; x_wconf 92' lang='lat' dir='ltr'><strong>se</strong></span> <span class='ocrx_word' id='word_1_185' title='bbox 1387 1743 1421 1778; x_wconf 88' lang='lat' dir='ltr'><strong>ses</strong></span> 
     </span>
     <span class='ocr_line' id='line_1_17' title="bbox 320 1812 1420 1883; baseline -0.009 -13"><span class='ocrx_word' id='word_1_186' title='bbox 320 1820 403 1870; x_wconf 82' lang='lat' dir='ltr'><strong>babel.</strong></span> <span class='ocrx_word' id='word_1_187' title='bbox 437 1817 473 1867; x_wconf 79' lang='lat' dir='ltr'><strong>At</strong></span> <span class='ocrx_word' id='word_1_188' title='bbox 481 1831 537 1865; x_wconf 84' lang='lat' dir='ltr'><strong>sero</strong></span> <span class='ocrx_word' id='word_1_189' title='bbox 548 1815 568 1864; x_wconf 91' lang='lat' dir='ltr'><strong>si</strong></span> <span class='ocrx_word' id='word_1_190' title='bbox 579 1831 651 1864; x_wconf 87' lang='lat' dir='ltr'><strong>uuum</strong></span> <span class='ocrx_word' id='word_1_191' title='bbox 671 1831 719 1864; x_wconf 87' lang='lat' dir='ltr'><strong>uun</strong></span> <span class='ocrx_word' id='word_1_192' title='bbox 736 1816 775 1874; x_wconf 88' lang='lat' dir='ltr'><strong>sit,</strong></span> <span class='ocrx_word' id='word_1_193' title='bbox 788 1816 848 1883; x_wconf 89' lang='lat' dir='ltr'><strong>quid</strong></span> <span class='ocrx_word' id='word_1_194' title='bbox 863 1818 996 1882; x_wconf 82' lang='lat' dir='ltr'><strong>contingat,</strong></span> <span class='ocrx_word' id='word_1_195' title='bbox 1012 1832 1092 1866; x_wconf 89' lang='lat' dir='ltr'><strong>nosue</strong></span> <span class='ocrx_word' id='word_1_196' title='bbox 1108 1817 1207 1881; x_wconf 84' lang='lat' dir='ltr'><strong>postlsso</strong></span> <span class='ocrx_word' id='word_1_197' title='bbox 1222 1812 1420 1864; x_wconf 69' lang='lat' dir='ltr'><strong>considerandum</strong></span> 
     </span>
    </p>
   </div>
   <div class='ocr_carea' id='block_1_3' title="bbox 216 1893 1423 1964">
    <p class='ocr_par' dir='ltr' id='par_1_3' title="bbox 216 1893 1423 1964">
     <span class='ocr_line' id='line_1_18' title="bbox 216 1893 1423 1964; baseline -0.011 -11"><span class='ocrx_word' id='word_1_198' title='bbox 216 1937 219 1944; x_wconf 80' lang='lat'><em>,</em></span> <span class='ocrx_word' id='word_1_199' title='bbox 322 1901 377 1953; x_wconf 85' lang='lat' dir='ltr'><strong>esti</strong></span> <span class='ocrx_word' id='word_1_200' title='bbox 409 1897 622 1950; x_wconf 75' lang='lat' dir='ltr'><strong>Gmsidersndutu.</strong></span> <span class='ocrx_word' id='word_1_201' title='bbox 656 1897 773 1956; x_wconf 69' lang='lat' dir='ltr'><strong>Qunam</strong></span> <span class='ocrx_word' id='word_1_202' title='bbox 790 1898 842 1948; x_wconf 78' lang='lat' dir='ltr'><strong>hnc</strong></span> <span class='ocrx_word' id='word_1_203' title='bbox 853 1898 985 1964; x_wconf 85' lang='lat' dir='ltr'><strong>suppositio</strong></span> <span class='ocrx_word' id='word_1_204' title='bbox 995 1899 1165 1961; x_wconf 77' lang='lat' dir='ltr'><strong>est‚Siuuusu</strong></span> <span class='ocrx_word' id='word_1_205' title='bbox 1176 1911 1224 1946; x_wconf 91' lang='lat' dir='ltr'><strong>uon</strong></span> <span class='ocrx_word' id='word_1_206' title='bbox 1240 1895 1294 1944; x_wconf 87' lang='lat' dir='ltr'><strong>est?</strong></span> <span class='ocrx_word' id='word_1_207' title='bbox 1311 1909 1369 1942; x_wconf 89' lang='lat' dir='ltr'><strong>uum</strong></span> <span class='ocrx_word' id='word_1_208' title='bbox 1380 1893 1423 1940; x_wconf 86' lang='lat' dir='ltr'><strong>ali·</strong></span> 
     </span>
    </p>
   </div>
   <div class='ocr_carea' id='block_1_4' title="bbox 311 1974 1423 4542">
    <p class='ocr_par' dir='ltr' id='par_1_4' title="bbox 311 1974 1423 4542">
     <span class='ocr_line' id='line_1_19' title="bbox 321 1974 1421 2050; baseline -0.01 -18"><span class='ocrx_word' id='word_1_209' title='bbox 321 1999 371 2050; x_wconf 89' lang='lat' dir='ltr'><strong>quo</strong></span> <span class='ocrx_word' id='word_1_210' title='bbox 381 1981 461 2031; x_wconf 72' lang='lat' dir='ltr'><strong>differt</strong></span> <span class='ocrx_word' id='word_1_211' title='bbox 471 1981 501 2028; x_wconf 87' lang='lat' dir='ltr'><strong>ab</strong></span> <span class='ocrx_word' id='word_1_212' title='bbox 511 1979 566 2043; x_wconf 85' lang='lat' dir='ltr'><strong>ists,</strong></span> <span class='ocrx_word' id='word_1_213' title='bbox 583 1979 609 2028; x_wconf 77' lang='lat' dir='ltr'><strong>Si</strong></span> <span class='ocrx_word' id='word_1_214' title='bbox 620 1993 669 2027; x_wconf 88' lang='lat' dir='ltr'><strong>nou</strong></span> <span class='ocrx_word' id='word_1_215' title='bbox 680 1995 753 2028; x_wconf 90' lang='lat' dir='ltr'><strong>uuum</strong></span> <span class='ocrx_word' id='word_1_216' title='bbox 770 1995 819 2028; x_wconf 90' lang='lat' dir='ltr'><strong>uon</strong></span> <span class='ocrx_word' id='word_1_217' title='bbox 835 1980 890 2029; x_wconf 81' lang='lat' dir='ltr'><strong>esti</strong></span> <span class='ocrx_word' id='word_1_218' title='bbox 922 1979 1012 2030; x_wconf 75' lang='lat' dir='ltr'><strong>Differl</strong></span> <span class='ocrx_word' id='word_1_219' title='bbox 1027 1993 1092 2029; x_wconf 87' lang='lat' dir='ltr'><strong>saue.</strong></span> <span class='ocrx_word' id='word_1_220' title='bbox 1125 1977 1190 2027; x_wconf 82' lang='lat' dir='ltr'><strong>Num</strong></span> <span class='ocrx_word' id='word_1_221' title='bbox 1206 1976 1357 2026; x_wconf 84' lang='lat' dir='ltr'><strong>solummodo</strong></span> <span class='ocrx_word' id='word_1_222' title='bbox 1374 1974 1421 2022; x_wconf 84' lang='lat' dir='ltr'><strong>dii·</strong></span> 
     </span>
     <span class='ocr_line' id='line_1_20' title="bbox 320 2057 1421 2122; baseline -0.008 -9"><span class='ocrx_word' id='word_1_223' title='bbox 320 2063 375 2122; x_wconf 81' lang='lat' dir='ltr'><strong>tos,</strong></span> <span class='ocrx_word' id='word_1_224' title='bbox 391 2061 509 2111; x_wconf 85' lang='lat' dir='ltr'><strong>scietism</strong></span> <span class='ocrx_word' id='word_1_225' title='bbox 520 2059 616 2109; x_wconf 89' lang='lat' dir='ltr'><strong>omniuo</strong></span> <span class='ocrx_word' id='word_1_226' title='bbox 631 2059 747 2110; x_wconf 80' lang='lat' dir='ltr'><strong>cuutrsris</strong></span> <span class='ocrx_word' id='word_1_227' title='bbox 761 2067 798 2109; x_wconf 87' lang='lat' dir='ltr'><strong>cst</strong></span> <span class='ocrx_word' id='word_1_228' title='bbox 812 2062 873 2120; x_wconf 73' lang='lat' dir='ltr'><strong>hnc,</strong></span> <span class='ocrx_word' id='word_1_229' title='bbox 889 2061 915 2110; x_wconf 82' lang='lat' dir='ltr'><strong>Si</strong></span> <span class='ocrx_word' id='word_1_230' title='bbox 931 2077 979 2110; x_wconf 87' lang='lat' dir='ltr'><strong>nou</strong></span> <span class='ocrx_word' id='word_1_231' title='bbox 996 2077 1068 2110; x_wconf 89' lang='lat' dir='ltr'><strong>unum</strong></span> <span class='ocrx_word' id='word_1_232' title='bbox 1085 2075 1134 2110; x_wconf 88' lang='lat' dir='ltr'><strong>uun</strong></span> <span class='ocrx_word' id='word_1_233' title='bbox 1152 2067 1198 2118; x_wconf 89' lang='lat' dir='ltr'><strong>est,</strong></span> <span class='ocrx_word' id='word_1_234' title='bbox 1215 2059 1286 2122; x_wconf 83' lang='lat' dir='ltr'><strong>illios,</strong></span> <span class='ocrx_word' id='word_1_235' title='bbox 1302 2057 1328 2105; x_wconf 85' lang='lat' dir='ltr'><strong>Si</strong></span> <span class='ocrx_word' id='word_1_236' title='bbox 1346 2071 1421 2104; x_wconf 85' lang='lat' dir='ltr'><strong>nuum</strong></span> 
     </span>
     <span class='ocr_line' id='line_1_21' title="bbox 321 2137 1422 2206; baseline -0.005 -14"><span class='ocrx_word' id='word_1_237' title='bbox 321 2157 372 2192; x_wconf 83' lang='lat' dir='ltr'><strong>sou</strong></span> <span class='ocrx_word' id='word_1_238' title='bbox 388 2143 443 2192; x_wconf 86' lang='lat' dir='ltr'><strong>est?</strong></span> <span class='ocrx_word' id='word_1_239' title='bbox 476 2140 602 2191; x_wconf 74' lang='lat' dir='ltr'><strong>contusus</strong></span> <span class='ocrx_word' id='word_1_240' title='bbox 621 2141 724 2189; x_wconf 88' lang='lat' dir='ltr'><strong>omniuo.</strong></span> <span class='ocrx_word' id='word_1_241' title='bbox 759 2141 826 2198; x_wconf 86' lang='lat' dir='ltr'><strong>Quid</strong></span> <span class='ocrx_word' id='word_1_242' title='bbox 847 2141 945 2190; x_wconf 80' lang='lat' dir='ltr'><strong>sutem?</strong></span> <span class='ocrx_word' id='word_1_243' title='bbox 962 2142 982 2190; x_wconf 92' lang='lat' dir='ltr'><strong>si</strong></span> <span class='ocrx_word' id='word_1_244' title='bbox 999 2141 1116 2206; x_wconf 88' lang='lat' dir='ltr'><strong>quispiam</strong></span> <span class='ocrx_word' id='word_1_245' title='bbox 1135 2140 1228 2204; x_wconf 80' lang='lat' dir='ltr'><strong>dixerit,</strong></span> <span class='ocrx_word' id='word_1_246' title='bbox 1242 2139 1268 2188; x_wconf 81' lang='lat' dir='ltr'><strong>Si</strong></span> <span class='ocrx_word' id='word_1_247' title='bbox 1280 2137 1422 2201; x_wconf 72' lang='lat' dir='ltr'><strong>magnitudo</strong></span> 
     </span>
     <span class='ocr_line' id='line_1_22' title="bbox 322 2218 1422 2286; baseline -0.006 -14"><span class='ocrx_word' id='word_1_248' title='bbox 322 2238 372 2272; x_wconf 84' lang='lat' dir='ltr'><strong>nou</strong></span> <span class='ocrx_word' id='word_1_249' title='bbox 380 2229 426 2286; x_wconf 80' lang='lat' dir='ltr'><strong>est,</strong></span> <span class='ocrx_word' id='word_1_250' title='bbox 432 2221 470 2269; x_wconf 82' lang='lat' dir='ltr'><strong>sel</strong></span> <span class='ocrx_word' id='word_1_251' title='bbox 482 2220 583 2284; x_wconf 85' lang='lat' dir='ltr'><strong>parsilss</strong></span> <span class='ocrx_word' id='word_1_252' title='bbox 593 2235 642 2268; x_wconf 90' lang='lat' dir='ltr'><strong>nou</strong></span> <span class='ocrx_word' id='word_1_253' title='bbox 653 2226 697 2276; x_wconf 86' lang='lat' dir='ltr'><strong>est,</strong></span> <span class='ocrx_word' id='word_1_254' title='bbox 707 2218 744 2268; x_wconf 84' lang='lat' dir='ltr'><strong>sel</strong></span> <span class='ocrx_word' id='word_1_255' title='bbox 762 2219 827 2268; x_wconf 82' lang='lat' dir='ltr'><strong>uliud</strong></span> <span class='ocrx_word' id='word_1_256' title='bbox 837 2219 967 2286; x_wconf 74' lang='lat' dir='ltr'><strong>quidquam</strong></span> <span class='ocrx_word' id='word_1_257' title='bbox 979 2222 1125 2286; x_wconf 87' lang='lat' dir='ltr'><strong>hujusmodi,</strong></span> <span class='ocrx_word' id='word_1_258' title='bbox 1142 2237 1221 2270; x_wconf 86' lang='lat' dir='ltr'><strong>uourre</strong></span> <span class='ocrx_word' id='word_1_259' title='bbox 1232 2221 1257 2270; x_wconf 93' lang='lat' dir='ltr'><strong>iu</strong></span> <span class='ocrx_word' id='word_1_260' title='bbox 1268 2219 1370 2283; x_wconf 84' lang='lat' dir='ltr'><strong>siugulis</strong></span> <span class='ocrx_word' id='word_1_261' title='bbox 1380 2218 1422 2266; x_wconf 90' lang='lat' dir='ltr'><strong>de·</strong></span> 
     </span>
     <span class='ocr_line' id='line_1_23' title="bbox 322 2298 1421 2368; baseline -0.004 -17"><span class='ocrx_word' id='word_1_262' title='bbox 322 2307 470 2358; x_wconf 85' lang='lat' dir='ltr'><strong>monstraret,</strong></span> <span class='ocrx_word' id='word_1_263' title='bbox 487 2299 552 2364; x_wconf 82' lang='lat' dir='ltr'><strong>quod</strong></span> <span class='ocrx_word' id='word_1_264' title='bbox 570 2299 635 2348; x_wconf 90' lang='lat' dir='ltr'><strong>aliud</strong></span> <span class='ocrx_word' id='word_1_265' title='bbox 649 2300 763 2366; x_wconf 85' lang='lat' dir='ltr'><strong>quiddam</strong></span> <span class='ocrx_word' id='word_1_266' title='bbox 781 2303 920 2365; x_wconf 80' lang='lat' dir='ltr'><strong>exprimeret</strong></span> <span class='ocrx_word' id='word_1_267' title='bbox 939 2303 1016 2368; x_wconf 92' lang='lat' dir='ltr'><strong>ipsum</strong></span> <span class='ocrx_word' id='word_1_268' title='bbox 1027 2317 1076 2351; x_wconf 89' lang='lat' dir='ltr'><strong>uon</strong></span> <span class='ocrx_word' id='word_1_269' title='bbox 1091 2303 1152 2352; x_wconf 88' lang='lat' dir='ltr'><strong>eus?</strong></span> <span class='ocrx_word' id='word_1_270' title='bbox 1185 2301 1299 2351; x_wconf 83' lang='lat' dir='ltr'><strong>Omnino.</strong></span> <span class='ocrx_word' id='word_1_271' title='bbox 1335 2298 1421 2348; x_wconf 76' lang='lat' dir='ltr'><strong>Nonne</strong></span> 
     </span>
     <span class='ocr_line' id='line_1_24' title="bbox 321 2379 1421 2448; baseline -0.003 -18"><span class='ocrx_word' id='word_1_272' title='bbox 321 2383 395 2448; x_wconf 84' lang='lat' dir='ltr'><strong>igitur</strong></span> <span class='ocrx_word' id='word_1_273' title='bbox 404 2395 469 2430; x_wconf 91' lang='lat' dir='ltr'><strong>nuuc</strong></span> <span class='ocrx_word' id='word_1_274' title='bbox 479 2379 592 2444; x_wconf 90' lang='lat' dir='ltr'><strong>declsrat,</strong></span> <span class='ocrx_word' id='word_1_275' title='bbox 602 2381 666 2446; x_wconf 88' lang='lat' dir='ltr'><strong>quod</strong></span> <span class='ocrx_word' id='word_1_276' title='bbox 678 2381 777 2431; x_wconf 76' lang='lat' dir='ltr'><strong>alierum</strong></span> <span class='ocrx_word' id='word_1_277' title='bbox 788 2382 902 2446; x_wconf 88' lang='lat' dir='ltr'><strong>quiddsm</strong></span> <span class='ocrx_word' id='word_1_278' title='bbox 915 2391 998 2447; x_wconf 71' lang='lat' dir='ltr'><strong>preter</strong></span> <span class='ocrx_word' id='word_1_279' title='bbox 1008 2383 1055 2432; x_wconf 89' lang='lat' dir='ltr'><strong>alis</strong></span> <span class='ocrx_word' id='word_1_280' title='bbox 1065 2381 1142 2447; x_wconf 89' lang='lat' dir='ltr'><strong>ipsum</strong></span> <span class='ocrx_word' id='word_1_281' title='bbox 1153 2399 1201 2431; x_wconf 89' lang='lat' dir='ltr'><strong>uon</strong></span> <span class='ocrx_word' id='word_1_282' title='bbox 1212 2397 1255 2430; x_wconf 87' lang='lat' dir='ltr'><strong>eus</strong></span> <span class='ocrx_word' id='word_1_283' title='bbox 1265 2380 1335 2437; x_wconf 84' lang='lat' dir='ltr'><strong>dicit,</strong></span> <span class='ocrx_word' id='word_1_284' title='bbox 1347 2393 1421 2444; x_wconf 89' lang='lat' dir='ltr'><strong>quau·</strong></span> 
     </span>
     <span class='ocr_line' id='line_1_25' title="bbox 322 2461 1420 2529; baseline -0.004 -17"><span class='ocrx_word' id='word_1_285' title='bbox 322 2461 435 2526; x_wconf 85' lang='lat' dir='ltr'><strong>dedicit,</strong></span> <span class='ocrx_word' id='word_1_286' title='bbox 452 2477 524 2510; x_wconf 88' lang='lat' dir='ltr'><strong>uuum</strong></span> <span class='ocrx_word' id='word_1_287' title='bbox 541 2462 561 2510; x_wconf 88' lang='lat' dir='ltr'><strong>si</strong></span> <span class='ocrx_word' id='word_1_288' title='bbox 575 2477 624 2510; x_wconf 89' lang='lat' dir='ltr'><strong>uuo</strong></span> <span class='ocrx_word' id='word_1_289' title='bbox 640 2462 695 2511; x_wconf 84' lang='lat' dir='ltr'><strong>esti</strong></span> <span class='ocrx_word' id='word_1_290' title='bbox 711 2469 737 2512; x_wconf 89' lang='lat' dir='ltr'><strong>et</strong></span> <span class='ocrx_word' id='word_1_291' title='bbox 751 2462 913 2528; x_wconf 69' lang='lat' dir='ltr'><strong>intelligimus,</strong></span> <span class='ocrx_word' id='word_1_292' title='bbox 927 2463 986 2529; x_wconf 91' lang='lat' dir='ltr'><strong>quid</strong></span> <span class='ocrx_word' id='word_1_293' title='bbox 1003 2463 1083 2514; x_wconf 82' lang='lat' dir='ltr'><strong>diost?</strong></span> <span class='ocrx_word' id='word_1_294' title='bbox 1116 2461 1284 2528; x_wconf 84' lang='lat' dir='ltr'><strong>intelligimus.</strong></span> <span class='ocrx_word' id='word_1_295' title='bbox 1317 2461 1420 2510; x_wconf 83' lang='lat' dir='ltr'><strong>Primum</strong></span> 
     </span>
     <span class='ocr_line' id='line_1_26' title="bbox 322 2539 1423 2610; baseline -0.005 -17"><span class='ocrx_word' id='word_1_296' title='bbox 322 2543 394 2609; x_wconf 85' lang='lat' dir='ltr'><strong>igilur</strong></span> <span class='ocrx_word' id='word_1_297' title='bbox 404 2542 503 2607; x_wconf 86' lang='lat' dir='ltr'><strong>aliquid,</strong></span> <span class='ocrx_word' id='word_1_298' title='bbox 514 2542 581 2607; x_wconf 90' lang='lat' dir='ltr'><strong>quod</strong></span> <span class='ocrx_word' id='word_1_299' title='bbox 592 2543 705 2608; x_wconf 75' lang='lat' dir='ltr'><strong>cognosci</strong></span> <span class='ocrx_word' id='word_1_300' title='bbox 717 2550 805 2607; x_wconf 89' lang='lat' dir='ltr'><strong>potest,</strong></span> <span class='ocrx_word' id='word_1_301' title='bbox 815 2545 940 2609; x_wconf 79' lang='lat' dir='ltr'><strong>exprimit:</strong></span> <span class='ocrx_word' id='word_1_302' title='bbox 958 2543 1045 2594; x_wconf 87' lang='lat' dir='ltr'><strong>deindo</strong></span> <span class='ocrx_word' id='word_1_303' title='bbox 1056 2545 1154 2594; x_wconf 87' lang='lat' dir='ltr'><strong>alterurn</strong></span> <span class='ocrx_word' id='word_1_304' title='bbox 1168 2559 1239 2610; x_wconf 89' lang='lat' dir='ltr'><strong>qusxu</strong></span> <span class='ocrx_word' id='word_1_305' title='bbox 1250 2543 1306 2600; x_wconf 90' lang='lat' dir='ltr'><strong>alia,</strong></span> <span class='ocrx_word' id='word_1_306' title='bbox 1324 2557 1380 2591; x_wconf 89' lang='lat' dir='ltr'><strong>cum</strong></span> <span class='ocrx_word' id='word_1_307' title='bbox 1389 2539 1423 2588; x_wconf 90' lang='lat' dir='ltr'><strong>ait</strong></span> 
     </span>
     <span class='ocr_line' id='line_1_27' title="bbox 320 2622 1420 2690; baseline -0.005 -16"><span class='ocrx_word' id='word_1_308' title='bbox 320 2639 404 2681; x_wconf 87' lang='lat' dir='ltr'><strong>uuum,</strong></span> <span class='ocrx_word' id='word_1_309' title='bbox 421 2623 471 2672; x_wconf 88' lang='lat' dir='ltr'><strong>sire</strong></span> <span class='ocrx_word' id='word_1_310' title='bbox 481 2639 532 2673; x_wconf 85' lang='lat' dir='ltr'><strong>esse</strong></span> <span class='ocrx_word' id='word_1_311' title='bbox 543 2622 580 2672; x_wconf 92' lang='lat' dir='ltr'><strong>iili</strong></span> <span class='ocrx_word' id='word_1_312' title='bbox 598 2623 722 2687; x_wconf 86' lang='lat' dir='ltr'><strong>adjiciens,</strong></span> <span class='ocrx_word' id='word_1_313' title='bbox 740 2625 789 2674; x_wconf 88' lang='lat' dir='ltr'><strong>sire</strong></span> <span class='ocrx_word' id='word_1_314' title='bbox 807 2641 856 2674; x_wconf 87' lang='lat' dir='ltr'><strong>ocu</strong></span> <span class='ocrx_word' id='word_1_315' title='bbox 872 2641 931 2676; x_wconf 87' lang='lat' dir='ltr'><strong>esse.</strong></span> <span class='ocrx_word' id='word_1_316' title='bbox 949 2625 1102 2674; x_wconf 83' lang='lat' dir='ltr'><strong>nihilomiuus</strong></span> <span class='ocrx_word' id='word_1_317' title='bbox 1117 2625 1277 2689; x_wconf 74' lang='lat' dir='ltr'><strong>cognoscitur,</strong></span> <span class='ocrx_word' id='word_1_318' title='bbox 1293 2623 1353 2690; x_wconf 90' lang='lat' dir='ltr'><strong>qnid</strong></span> <span class='ocrx_word' id='word_1_319' title='bbox 1371 2635 1420 2671; x_wconf 84' lang='lat' dir='ltr'><strong>nou</strong></span> 
     </span>
     <span class='ocr_line' id='line_1_28' title="bbox 321 2703 1421 2770; baseline -0.003 -16"><span class='ocrx_word' id='word_1_320' title='bbox 321 2703 485 2766; x_wconf 65' lang='lat' dir='ltr'><strong>sendimus,</strong></span> <span class='ocrx_word' id='word_1_321' title='bbox 494 2704 607 2768; x_wconf 89' lang='lat' dir='ltr'><strong>quodque</strong></span> <span class='ocrx_word' id='word_1_322' title='bbox 616 2703 729 2753; x_wconf 80' lang='lat' dir='ltr'><strong>differens</strong></span> <span class='ocrx_word' id='word_1_323' title='bbox 739 2705 940 2770; x_wconf 84' lang='lat' dir='ltr'><strong>quiddamestab</strong></span> <span class='ocrx_word' id='word_1_324' title='bbox 949 2705 1010 2755; x_wconf 86' lang='lat' dir='ltr'><strong>aliis.</strong></span> <span class='ocrx_word' id='word_1_325' title='bbox 1026 2720 1057 2754; x_wconf 92' lang='lat' dir='ltr'><strong>an</strong></span> <span class='ocrx_word' id='word_1_326' title='bbox 1068 2706 1135 2754; x_wconf 86' lang='lat' dir='ltr'><strong>nou?</strong></span> <span class='ocrx_word' id='word_1_327' title='bbox 1167 2704 1283 2754; x_wconf 82' lang='lat' dir='ltr'><strong>Necesse.</strong></span> <span class='ocrx_word' id='word_1_328' title='bbox 1316 2703 1421 2753; x_wconf 86' lang='lat' dir='ltr'><strong>luhuuo</strong></span> 
     </span>
     <span class='ocr_line' id='line_1_29' title="bbox 320 2782 1422 2852; baseline -0.001 -18"><span class='ocrx_word' id='word_1_329' title='bbox 320 2785 402 2850; x_wconf 82' lang='lat' dir='ltr'><strong>ioque</strong></span> <span class='ocrx_word' id='word_1_330' title='bbox 412 2784 509 2833; x_wconf 87' lang='lat' dir='ltr'><strong>modum</strong></span> <span class='ocrx_word' id='word_1_331' title='bbox 518 2799 533 2831; x_wconf 92' lang='lat' dir='ltr'><strong>a</strong></span> <span class='ocrx_word' id='word_1_332' title='bbox 542 2782 661 2852; x_wconf 85' lang='lat' dir='ltr'><strong>principio</strong></span> <span class='ocrx_word' id='word_1_333' title='bbox 672 2783 811 2846; x_wconf 87' lang='lat' dir='ltr'><strong>dicendum,</strong></span> <span class='ocrx_word' id='word_1_334' title='bbox 829 2786 910 2836; x_wconf 87' lang='lat' dir='ltr'><strong>Unum</strong></span> <span class='ocrx_word' id='word_1_335' title='bbox 921 2786 942 2834; x_wconf 91' lang='lat' dir='ltr'><strong>si</strong></span> <span class='ocrx_word' id='word_1_336' title='bbox 952 2802 1001 2836; x_wconf 89' lang='lat' dir='ltr'><strong>uon</strong></span> <span class='ocrx_word' id='word_1_337' title='bbox 1011 2794 1056 2845; x_wconf 85' lang='lat' dir='ltr'><strong>est,</strong></span> <span class='ocrx_word' id='word_1_338' title='bbox 1067 2785 1125 2851; x_wconf 90' lang='lat' dir='ltr'><strong>quid</strong></span> <span class='ocrx_word' id='word_1_339' title='bbox 1136 2801 1187 2835; x_wconf 88' lang='lat' dir='ltr'><strong>esse</strong></span> <span class='ocrx_word' id='word_1_340' title='bbox 1197 2791 1302 2850; x_wconf 80' lang='lat' dir='ltr'><strong>oportet.</strong></span> <span class='ocrx_word' id='word_1_341' title='bbox 1335 2785 1364 2834; x_wconf 90' lang='lat' dir='ltr'><strong>lu</strong></span> <span class='ocrx_word' id='word_1_342' title='bbox 1377 2785 1422 2848; x_wconf 91' lang='lat' dir='ltr'><strong>pri·</strong></span> 
     </span>
     <span class='ocr_line' id='line_1_30' title="bbox 321 2864 1422 2932; baseline -0.002 -17"><span class='ocrx_word' id='word_1_343' title='bbox 321 2867 366 2915; x_wconf 87' lang='lat' dir='ltr'><strong>ruis</strong></span> <span class='ocrx_word' id='word_1_344' title='bbox 376 2867 456 2930; x_wconf 90' lang='lat' dir='ltr'><strong>itaque</strong></span> <span class='ocrx_word' id='word_1_345' title='bbox 466 2864 512 2928; x_wconf 90' lang='lat' dir='ltr'><strong>ipsi</strong></span> <span class='ocrx_word' id='word_1_346' title='bbox 523 2867 568 2913; x_wconf 88' lang='lat' dir='ltr'><strong>hoo</strong></span> <span class='ocrx_word' id='word_1_347' title='bbox 577 2871 674 2928; x_wconf 82' lang='lat' dir='ltr'><strong>oportet</strong></span> <span class='ocrx_word' id='word_1_348' title='bbox 684 2866 800 2924; x_wconf 79' lang='lat' dir='ltr'><strong>occidere,</strong></span> <span class='ocrx_word' id='word_1_349' title='bbox 818 2874 845 2915; x_wconf 93' lang='lat' dir='ltr'><strong>ut</strong></span> <span class='ocrx_word' id='word_1_350' title='bbox 856 2867 958 2925; x_wconf 85' lang='lat' dir='ltr'><strong>ridetur,</strong></span> <span class='ocrx_word' id='word_1_351' title='bbox 970 2883 1022 2918; x_wconf 88' lang='lat' dir='ltr'><strong>esse</strong></span> <span class='ocrx_word' id='word_1_352' title='bbox 1032 2867 1143 2918; x_wconf 83' lang='lat' dir='ltr'><strong>videlicet</strong></span> <span class='ocrx_word' id='word_1_353' title='bbox 1153 2869 1273 2932; x_wconf 89' lang='lat' dir='ltr'><strong>quandam</strong></span> <span class='ocrx_word' id='word_1_354' title='bbox 1283 2865 1337 2930; x_wconf 89' lang='lat' dir='ltr'><strong>ejus</strong></span> <span class='ocrx_word' id='word_1_355' title='bbox 1347 2865 1422 2914; x_wconf 87' lang='lat' dir='ltr'><strong>scien·</strong></span> 
     </span>
     <span class='ocr_line' id='line_1_31' title="bbox 321 2943 1421 3012; baseline 0 -18"><span class='ocrx_word' id='word_1_356' title='bbox 321 2945 388 3004; x_wconf 86' lang='lat' dir='ltr'><strong>tiam,</strong></span> <span class='ocrx_word' id='word_1_357' title='bbox 398 2951 441 2994; x_wconf 89' lang='lat' dir='ltr'><strong>sut</strong></span> <span class='ocrx_word' id='word_1_358' title='bbox 449 2943 509 2992; x_wconf 89' lang='lat' dir='ltr'><strong>nihil</strong></span> <span class='ocrx_word' id='word_1_359' title='bbox 519 2943 651 3008; x_wconf 77' lang='lat' dir='ltr'><strong>intelligere</strong></span> <span class='ocrx_word' id='word_1_360' title='bbox 662 2959 716 3003; x_wconf 87' lang='lat' dir='ltr'><strong>uos,</strong></span> <span class='ocrx_word' id='word_1_361' title='bbox 726 2946 785 3008; x_wconf 90' lang='lat' dir='ltr'><strong>quid</strong></span> <span class='ocrx_word' id='word_1_362' title='bbox 797 2946 912 3003; x_wconf 87' lang='lat' dir='ltr'><strong>dicamus,</strong></span> <span class='ocrx_word' id='word_1_363' title='bbox 923 2949 1019 3010; x_wconf 86' lang='lat' dir='ltr'><strong>quaudo</strong></span> <span class='ocrx_word' id='word_1_364' title='bbox 1030 2947 1111 2996; x_wconf 86' lang='lat' dir='ltr'><strong>Unum</strong></span> <span class='ocrx_word' id='word_1_365' title='bbox 1124 2947 1143 2996; x_wconf 92' lang='lat' dir='ltr'><strong>si</strong></span> <span class='ocrx_word' id='word_1_366' title='bbox 1153 2963 1202 2996; x_wconf 84' lang='lat' dir='ltr'><strong>noo</strong></span> <span class='ocrx_word' id='word_1_367' title='bbox 1213 2955 1260 3012; x_wconf 88' lang='lat' dir='ltr'><strong>cst,</strong></span> <span class='ocrx_word' id='word_1_368' title='bbox 1270 2945 1421 3012; x_wconf 76' lang='lat' dir='ltr'><strong>proferimus.</strong></span> 
     </span>
     <span class='ocr_line' id='line_1_32' title="bbox 321 3024 1421 3093; baseline 0 -17"><span class='ocrx_word' id='word_1_369' title='bbox 321 3026 387 3076; x_wconf 87' lang='lat' dir='ltr'><strong>Vera</strong></span> <span class='ocrx_word' id='word_1_370' title='bbox 403 3025 513 3090; x_wconf 88' lang='lat' dir='ltr'><strong>loqueris.</strong></span> <span class='ocrx_word' id='word_1_371' title='bbox 546 3024 587 3072; x_wconf 82' lang='lat' dir='ltr'><strong>Au</strong></span> <span class='ocrx_word' id='word_1_372' title='bbox 597 3038 646 3072; x_wconf 88' lang='lat' dir='ltr'><strong>nou</strong></span> <span class='ocrx_word' id='word_1_373' title='bbox 656 3031 682 3072; x_wconf 85' lang='lat' dir='ltr'><strong>el</strong></span> <span class='ocrx_word' id='word_1_374' title='bbox 692 3024 738 3072; x_wconf 90' lang='lat' dir='ltr'><strong>alis</strong></span> <span class='ocrx_word' id='word_1_375' title='bbox 754 3025 826 3074; x_wconf 83' lang='lat' dir='ltr'><strong>ultera</strong></span> <span class='ocrx_word' id='word_1_376' title='bbox 843 3039 905 3082; x_wconf 85' lang='lat' dir='ltr'><strong>esse,</strong></span> <span class='ocrx_word' id='word_1_377' title='bbox 921 3042 992 3091; x_wconf 88' lang='lat' dir='ltr'><strong>quarn</strong></span> <span class='ocrx_word' id='word_1_378' title='bbox 1008 3027 1078 3086; x_wconf 86' lang='lat' dir='ltr'><strong>illud,</strong></span> <span class='ocrx_word' id='word_1_379' title='bbox 1088 3028 1126 3078; x_wconf 90' lang='lat' dir='ltr'><strong>sel</strong></span> <span class='ocrx_word' id='word_1_380' title='bbox 1144 3043 1222 3093; x_wconf 89' lang='lat' dir='ltr'><strong>oeque</strong></span> <span class='ocrx_word' id='word_1_381' title='bbox 1241 3028 1302 3076; x_wconf 91' lang='lat' dir='ltr'><strong>illod</strong></span> <span class='ocrx_word' id='word_1_382' title='bbox 1322 3028 1421 3076; x_wconf 77' lang='lat' dir='ltr'><strong>silerum</strong></span> 
     </span>
     <span class='ocr_line' id='line_1_33' title="bbox 321 3103 1421 3175; baseline -0.002 -17"><span class='ocrx_word' id='word_1_383' title='bbox 321 3121 392 3173; x_wconf 88' lang='lat' dir='ltr'><strong>quatu</strong></span> <span class='ocrx_word' id='word_1_384' title='bbox 402 3107 450 3157; x_wconf 84' lang='lat' dir='ltr'><strong>ulia</strong></span> <span class='ocrx_word' id='word_1_385' title='bbox 460 3104 599 3170; x_wconf 84' lang='lat' dir='ltr'><strong>prsedicsri?</strong></span> <span class='ocrx_word' id='word_1_386' title='bbox 633 3103 749 3158; x_wconf 80' lang='lat' dir='ltr'><strong>Maxime.</strong></span> <span class='ocrx_word' id='word_1_387' title='bbox 782 3105 845 3172; x_wconf 84' lang='lat' dir='ltr'><strong>Ergo</strong></span> <span class='ocrx_word' id='word_1_388' title='bbox 859 3107 981 3158; x_wconf 81' lang='lat' dir='ltr'><strong>diversitas</strong></span> <span class='ocrx_word' id='word_1_389' title='bbox 999 3125 1094 3175; x_wconf 88' lang='lat' dir='ltr'><strong>quoque</strong></span> <span class='ocrx_word' id='word_1_390' title='bbox 1106 3109 1319 3174; x_wconf 75' lang='lat' dir='ltr'><strong>prntesscieutism</strong></span> <span class='ocrx_word' id='word_1_391' title='bbox 1330 3107 1366 3157; x_wconf 89' lang='lat' dir='ltr'><strong>ilii</strong></span> <span class='ocrx_word' id='word_1_392' title='bbox 1377 3108 1421 3156; x_wconf 86' lang='lat' dir='ltr'><strong>ad·</strong></span> 
     </span>
     <span class='ocr_line' id='line_1_34' title="bbox 320 3185 1420 3256; baseline -0.002 -20"><span class='ocrx_word' id='word_1_393' title='bbox 320 3195 364 3242; x_wconf 76' lang='lat' dir='ltr'><strong>esi.</strong></span> <span class='ocrx_word' id='word_1_394' title='bbox 380 3187 531 3252; x_wconf 87' lang='lat' dir='ltr'><strong>nequeenim</strong></span> <span class='ocrx_word' id='word_1_395' title='bbox 543 3185 642 3236; x_wconf 84' lang='lat' dir='ltr'><strong>eliorum</strong></span> <span class='ocrx_word' id='word_1_396' title='bbox 651 3185 808 3236; x_wconf 76' lang='lat' dir='ltr'><strong>dirersiloleur</strong></span> <span class='ocrx_word' id='word_1_397' title='bbox 820 3187 888 3246; x_wconf 88' lang='lat' dir='ltr'><strong>dicit,</strong></span> <span class='ocrx_word' id='word_1_398' title='bbox 899 3189 996 3256; x_wconf 90' lang='lat' dir='ltr'><strong>quaudo</strong></span> <span class='ocrx_word' id='word_1_399' title='bbox 1005 3206 1079 3240; x_wconf 87' lang='lat' dir='ltr'><strong>uuum</strong></span> <span class='ocrx_word' id='word_1_400' title='bbox 1090 3192 1188 3240; x_wconf 86' lang='lat' dir='ltr'><strong>alterum</strong></span> <span class='ocrx_word' id='word_1_401' title='bbox 1200 3203 1268 3255; x_wconf 83' lang='lat' dir='ltr'><strong>quam</strong></span> <span class='ocrx_word' id='word_1_402' title='bbox 1280 3189 1328 3236; x_wconf 92' lang='lat' dir='ltr'><strong>slis</strong></span> <span class='ocrx_word' id='word_1_403' title='bbox 1339 3195 1420 3246; x_wconf 79' lang='lat' dir='ltr'><strong>voest,</strong></span> 
     </span>
     <span class='ocr_line' id='line_1_35' title="bbox 320 3267 1422 3335; baseline -0.002 -16"><span class='ocrx_word' id='word_1_404' title='bbox 320 3271 364 3319; x_wconf 87' lang='lat' dir='ltr'><strong>sed</strong></span> <span class='ocrx_word' id='word_1_405' title='bbox 379 3269 417 3318; x_wconf 88' lang='lat' dir='ltr'><strong>sui</strong></span> <span class='ocrx_word' id='word_1_406' title='bbox 432 3267 507 3333; x_wconf 91' lang='lat' dir='ltr'><strong>ipsius</strong></span> <span class='ocrx_word' id='word_1_407' title='bbox 523 3268 690 3316; x_wconf 83' lang='lat' dir='ltr'><strong>diversitatem.</strong></span> <span class='ocrx_word' id='word_1_408' title='bbox 723 3268 839 3333; x_wconf 82' lang='lat' dir='ltr'><strong>Apparet.</strong></span> <span class='ocrx_word' id='word_1_409' title='bbox 871 3269 939 3327; x_wconf 88' lang='lat' dir='ltr'><strong>Quin</strong></span> <span class='ocrx_word' id='word_1_410' title='bbox 954 3271 1025 3320; x_wconf 81' lang='lat' dir='ltr'><strong>etism</strong></span> <span class='ocrx_word' id='word_1_411' title='bbox 1046 3271 1119 3335; x_wconf 92' lang='lat' dir='ltr'><strong>ipsius</strong></span> <span class='ocrx_word' id='word_1_412' title='bbox 1135 3271 1208 3329; x_wconf 88' lang='lat' dir='ltr'><strong>illius,</strong></span> <span class='ocrx_word' id='word_1_413' title='bbox 1223 3276 1247 3318; x_wconf 87' lang='lat' dir='ltr'><strong>et</strong></span> <span class='ocrx_word' id='word_1_414' title='bbox 1266 3267 1378 3332; x_wconf 79' lang='lat' dir='ltr'><strong>sticujos,</strong></span> <span class='ocrx_word' id='word_1_415' title='bbox 1396 3276 1422 3317; x_wconf 84' lang='lat' dir='ltr'><strong>et</strong></span> 
     </span>
     <span class='ocr_line' id='line_1_36' title="bbox 320 3347 1420 3418; baseline -0.001 -19"><span class='ocrx_word' id='word_1_416' title='bbox 320 3350 401 3414; x_wconf 87' lang='lat' dir='ltr'><strong>lrujos,</strong></span> <span class='ocrx_word' id='word_1_417' title='bbox 412 3356 437 3398; x_wconf 84' lang='lat' dir='ltr'><strong>et</strong></span> <span class='ocrx_word' id='word_1_418' title='bbox 447 3347 512 3412; x_wconf 88' lang='lat' dir='ltr'><strong>huic,</strong></span> <span class='ocrx_word' id='word_1_419' title='bbox 523 3350 650 3407; x_wconf 87' lang='lat' dir='ltr'><strong>ethorum,</strong></span> <span class='ocrx_word' id='word_1_420' title='bbox 661 3356 734 3414; x_wconf 88' lang='lat' dir='ltr'><strong>atquo</strong></span> <span class='ocrx_word' id='word_1_421' title='bbox 745 3351 848 3398; x_wconf 87' lang='lat' dir='ltr'><strong>omnium</strong></span> <span class='ocrx_word' id='word_1_422' title='bbox 864 3351 1028 3415; x_wconf 89' lang='lat' dir='ltr'><strong>hujuscemodi</strong></span> <span class='ocrx_word' id='word_1_423' title='bbox 1046 3352 1166 3418; x_wconf 90' lang='lat' dir='ltr'><strong>particeps</strong></span> <span class='ocrx_word' id='word_1_424' title='bbox 1180 3351 1258 3417; x_wconf 87' lang='lat' dir='ltr'><strong>ipsum</strong></span> <span class='ocrx_word' id='word_1_425' title='bbox 1269 3363 1317 3397; x_wconf 88' lang='lat' dir='ltr'><strong>uun</strong></span> <span class='ocrx_word' id='word_1_426' title='bbox 1327 3363 1372 3398; x_wconf 89' lang='lat' dir='ltr'><strong>eus</strong></span> <span class='ocrx_word' id='word_1_427' title='bbox 1382 3349 1420 3398; x_wconf 91' lang='lat' dir='ltr'><strong>di·</strong></span> 
     </span>
     <span class='ocr_line' id='line_1_37' title="bbox 320 3430 1420 3498; baseline -0.001 -18"><span class='ocrx_word' id='word_1_428' title='bbox 320 3430 390 3480; x_wconf 82' lang='lat' dir='ltr'><strong>eitur.</strong></span> <span class='ocrx_word' id='word_1_429' title='bbox 406 3431 559 3492; x_wconf 84' lang='lat' dir='ltr'><strong>nequeenim</strong></span> <span class='ocrx_word' id='word_1_430' title='bbox 576 3445 650 3478; x_wconf 87' lang='lat' dir='ltr'><strong>onum</strong></span> <span class='ocrx_word' id='word_1_431' title='bbox 667 3430 793 3490; x_wconf 83' lang='lat' dir='ltr'><strong>diceretur,</strong></span> <span class='ocrx_word' id='word_1_432' title='bbox 804 3446 882 3498; x_wconf 85' lang='lat' dir='ltr'><strong>neque</strong></span> <span class='ocrx_word' id='word_1_433' title='bbox 892 3433 922 3482; x_wconf 86' lang='lat' dir='ltr'><strong>sb</strong></span> <span class='ocrx_word' id='word_1_434' title='bbox 933 3433 974 3482; x_wconf 89' lang='lat' dir='ltr'><strong>iilo</strong></span> <span class='ocrx_word' id='word_1_435' title='bbox 991 3435 1073 3491; x_wconf 84' lang='lat' dir='ltr'><strong>allexa,</strong></span> <span class='ocrx_word' id='word_1_436' title='bbox 1090 3433 1186 3484; x_wconf 89' lang='lat' dir='ltr'><strong>necilli</strong></span> <span class='ocrx_word' id='word_1_437' title='bbox 1203 3432 1333 3498; x_wconf 89' lang='lat' dir='ltr'><strong>quidquam</strong></span> <span class='ocrx_word' id='word_1_438' title='bbox 1348 3435 1420 3492; x_wconf 85' lang='lat' dir='ltr'><strong>esset,</strong></span> 
     </span>
     <span class='ocr_line' id='line_1_38' title="bbox 320 3508 1419 3580; baseline 0.001 -22"><span class='ocrx_word' id='word_1_439' title='bbox 320 3523 367 3558; x_wconf 85' lang='lat' dir='ltr'><strong>uec</strong></span> <span class='ocrx_word' id='word_1_440' title='bbox 381 3508 460 3556; x_wconf 81' lang='lat' dir='ltr'><strong>illius:</strong></span> <span class='ocrx_word' id='word_1_441' title='bbox 478 3523 556 3574; x_wconf 85' lang='lat' dir='ltr'><strong>neque</strong></span> <span class='ocrx_word' id='word_1_442' title='bbox 566 3510 657 3576; x_wconf 88' lang='lat' dir='ltr'><strong>sliquid</strong></span> <span class='ocrx_word' id='word_1_443' title='bbox 668 3512 834 3576; x_wconf 72' lang='lat' dir='ltr'><strong>appellaretur,</strong></span> <span class='ocrx_word' id='word_1_444' title='bbox 852 3514 897 3562; x_wconf 88' lang='lat' dir='ltr'><strong>nisi</strong></span> <span class='ocrx_word' id='word_1_445' title='bbox 907 3515 1025 3580; x_wconf 85' lang='lat' dir='ltr'><strong>particeps</strong></span> <span class='ocrx_word' id='word_1_446' title='bbox 1035 3521 1097 3564; x_wconf 86' lang='lat' dir='ltr'><strong>esset</strong></span> <span class='ocrx_word' id='word_1_447' title='bbox 1107 3515 1179 3579; x_wconf 79' lang='lat' dir='ltr'><strong>ipsius</strong></span> <span class='ocrx_word' id='word_1_448' title='bbox 1190 3511 1301 3577; x_wconf 85' lang='lat' dir='ltr'><strong>slicujus,</strong></span> <span class='ocrx_word' id='word_1_449' title='bbox 1320 3519 1347 3561; x_wconf 83' lang='lat' dir='ltr'><strong>el</strong></span> <span class='ocrx_word' id='word_1_450' title='bbox 1357 3519 1419 3560; x_wconf 86' lang='lat' dir='ltr'><strong>oete·</strong></span> 
     </span>
     <span class='ocr_line' id='line_1_39' title="bbox 320 3586 1420 3660; baseline 0.002 -22"><span class='ocrx_word' id='word_1_451' title='bbox 320 3603 398 3638; x_wconf 86' lang='lat' dir='ltr'><strong>rorum</strong></span> <span class='ocrx_word' id='word_1_452' title='bbox 416 3586 507 3638; x_wconf 88' lang='lat' dir='ltr'><strong>talium.</strong></span> <span class='ocrx_word' id='word_1_453' title='bbox 540 3589 626 3641; x_wconf 83' lang='lat' dir='ltr'><strong>Recte.</strong></span> <span class='ocrx_word' id='word_1_454' title='bbox 660 3591 720 3641; x_wconf 80' lang='lat' dir='ltr'><strong>Esse</strong></span> <span class='ocrx_word' id='word_1_455' title='bbox 739 3601 817 3643; x_wconf 83' lang='lat' dir='ltr'><strong>tumen</strong></span> <span class='ocrx_word' id='word_1_456' title='bbox 829 3609 912 3653; x_wconf 90' lang='lat' dir='ltr'><strong>uuum,</strong></span> <span class='ocrx_word' id='word_1_457' title='bbox 931 3595 978 3644; x_wconf 87' lang='lat' dir='ltr'><strong>uisi</strong></span> <span class='ocrx_word' id='word_1_458' title='bbox 993 3595 1099 3658; x_wconf 81' lang='lat' dir='ltr'><strong>exsistat,</strong></span> <span class='ocrx_word' id='word_1_459' title='bbox 1117 3593 1264 3660; x_wconf 87' lang='lat' dir='ltr'><strong>impossibile</strong></span> <span class='ocrx_word' id='word_1_460' title='bbox 1280 3599 1333 3642; x_wconf 84' lang='lat' dir='ltr'><strong>est:</strong></span> <span class='ocrx_word' id='word_1_461' title='bbox 1350 3593 1420 3658; x_wconf 82' lang='lat' dir='ltr'><strong>pasti·</strong></span> 
     </span>
     <span class='ocr_line' id='line_1_40' title="bbox 320 3667 1417 3742; baseline 0.005 -26"><span class='ocrx_word' id='word_1_462' title='bbox 320 3669 400 3734; x_wconf 85' lang='lat' dir='ltr'><strong>cipare</strong></span> <span class='ocrx_word' id='word_1_463' title='bbox 410 3681 465 3717; x_wconf 90' lang='lat' dir='ltr'><strong>sero</strong></span> <span class='ocrx_word' id='word_1_464' title='bbox 477 3667 564 3727; x_wconf 86' lang='lat' dir='ltr'><strong>multis,</strong></span> <span class='ocrx_word' id='word_1_465' title='bbox 575 3667 634 3720; x_wconf 86' lang='lat' dir='ltr'><strong>nihil</strong></span> <span class='ocrx_word' id='word_1_466' title='bbox 646 3673 762 3736; x_wconf 83' lang='lat' dir='ltr'><strong>prohibet.</strong></span> <span class='ocrx_word' id='word_1_467' title='bbox 780 3673 853 3741; x_wconf 86' lang='grc'>[161]</span> <span class='ocrx_word' id='word_1_468' title='bbox 871 3690 950 3726; x_wconf 82' lang='lat' dir='ltr'><strong>serum</strong></span> <span class='ocrx_word' id='word_1_469' title='bbox 961 3691 1057 3726; x_wconf 88' lang='lat' dir='ltr'><strong>necesso</strong></span> <span class='ocrx_word' id='word_1_470' title='bbox 1068 3683 1114 3742; x_wconf 84' lang='lat' dir='ltr'><strong>est,</strong></span> <span class='ocrx_word' id='word_1_471' title='bbox 1124 3677 1144 3725; x_wconf 93' lang='lat' dir='ltr'><strong>si</strong></span> <span class='ocrx_word' id='word_1_472' title='bbox 1155 3675 1251 3742; x_wconf 88' lang='lat' dir='ltr'><strong>quidem</strong></span> <span class='ocrx_word' id='word_1_473' title='bbox 1260 3673 1339 3738; x_wconf 86' lang='lat' dir='ltr'><strong>ipsum</strong></span> <span class='ocrx_word' id='word_1_474' title='bbox 1347 3687 1417 3722; x_wconf 83' lang='lat' dir='ltr'><strong>uuum</strong></span> 
     </span>
     <span class='ocr_line' id='line_1_41' title="bbox 318 3749 1418 3819; baseline 0 -18"><span class='ocrx_word' id='word_1_475' title='bbox 318 3749 380 3801; x_wconf 89' lang='lat' dir='ltr'><strong>iilud</strong></span> <span class='ocrx_word' id='word_1_476' title='bbox 391 3749 523 3808; x_wconf 80' lang='lat' dir='ltr'><strong>dunstani,</strong></span> <span class='ocrx_word' id='word_1_477' title='bbox 542 3765 586 3800; x_wconf 87' lang='lat' dir='ltr'><strong>uec</strong></span> <span class='ocrx_word' id='word_1_478' title='bbox 605 3751 669 3800; x_wconf 87' lang='lat' dir='ltr'><strong>allud</strong></span> <span class='ocrx_word' id='word_1_479' title='bbox 688 3768 737 3802; x_wconf 88' lang='lat' dir='ltr'><strong>nou</strong></span> <span class='ocrx_word' id='word_1_480' title='bbox 751 3763 796 3806; x_wconf 89' lang='lat' dir='ltr'><strong>est.</strong></span> <span class='ocrx_word' id='word_1_481' title='bbox 830 3757 938 3814; x_wconf 86' lang='lat' dir='ltr'><strong>Quodsi</strong></span> <span class='ocrx_word' id='word_1_482' title='bbox 956 3773 1000 3806; x_wconf 91' lang='lat' dir='ltr'><strong>uec</strong></span> <span class='ocrx_word' id='word_1_483' title='bbox 1017 3773 1100 3817; x_wconf 88' lang='lat' dir='ltr'><strong>uuum,</strong></span> <span class='ocrx_word' id='word_1_484' title='bbox 1116 3773 1162 3806; x_wconf 91' lang='lat' dir='ltr'><strong>nec</strong></span> <span class='ocrx_word' id='word_1_485' title='bbox 1173 3757 1241 3814; x_wconf 86' lang='lat' dir='ltr'><strong>illud,</strong></span> <span class='ocrx_word' id='word_1_486' title='bbox 1260 3754 1418 3819; x_wconf 85' lang='lat' dir='ltr'><strong>uequeetiasu</strong></span> 
     </span>
     <span class='ocr_line' id='line_1_42' title="bbox 319 3829 1418 3904; baseline -0.002 -21"><span class='ocrx_word' id='word_1_487' title='bbox 319 3833 372 3898; x_wconf 86' lang='lat' dir='ltr'><strong>erit,</strong></span> <span class='ocrx_word' id='word_1_488' title='bbox 384 3831 427 3882; x_wconf 88' lang='lat' dir='ltr'><strong>sed</strong></span> <span class='ocrx_word' id='word_1_489' title='bbox 438 3831 470 3880; x_wconf 87' lang='lat' dir='ltr'><strong>de</strong></span> <span class='ocrx_word' id='word_1_490' title='bbox 480 3829 527 3880; x_wconf 82' lang='lat' dir='ltr'><strong>ulio</strong></span> <span class='ocrx_word' id='word_1_491' title='bbox 535 3833 639 3896; x_wconf 84' lang='lat' dir='ltr'><strong>quodem</strong></span> <span class='ocrx_word' id='word_1_492' title='bbox 650 3849 725 3882; x_wconf 87' lang='lat' dir='ltr'><strong>sermo</strong></span> <span class='ocrx_word' id='word_1_493' title='bbox 736 3837 844 3895; x_wconf 87' lang='lat' dir='ltr'><strong>habetur,</strong></span> <span class='ocrx_word' id='word_1_494' title='bbox 855 3837 914 3886; x_wconf 86' lang='lat' dir='ltr'><strong>uilril</strong></span> <span class='ocrx_word' id='word_1_495' title='bbox 927 3838 1071 3902; x_wconf 84' lang='lat' dir='ltr'><strong>pronuntiari</strong></span> <span class='ocrx_word' id='word_1_496' title='bbox 1081 3843 1183 3904; x_wconf 87' lang='lat' dir='ltr'><strong>oportet.</strong></span> <span class='ocrx_word' id='word_1_497' title='bbox 1200 3837 1237 3886; x_wconf 91' lang='lat' dir='ltr'><strong>siu</strong></span> <span class='ocrx_word' id='word_1_498' title='bbox 1254 3843 1335 3884; x_wconf 85' lang='lat' dir='ltr'><strong>sutem</strong></span> <span class='ocrx_word' id='word_1_499' title='bbox 1348 3847 1418 3882; x_wconf 86' lang='lat' dir='ltr'><strong>uuum</strong></span> 
     </span>
     <span class='ocr_line' id='line_1_43' title="bbox 317 3911 1417 3984; baseline -0.006 -13"><span class='ocrx_word' id='word_1_500' title='bbox 317 3911 378 3963; x_wconf 66' lang='lat' dir='ltr'><strong>iiiiii</strong></span> <span class='ocrx_word' id='word_1_501' title='bbox 397 3914 530 3971; x_wconf 63' lang='lat' dir='ltr'><strong>(iimifflis</strong></span> <span class='ocrx_word' id='word_1_502' title='bbox 546 3928 595 3963; x_wconf 90' lang='lat' dir='ltr'><strong>uon</strong></span> <span class='ocrx_word' id='word_1_503' title='bbox 612 3913 677 3963; x_wconf 91' lang='lat' dir='ltr'><strong>aliud</strong></span> <span class='ocrx_word' id='word_1_504' title='bbox 695 3919 894 3983; x_wconf 73' lang='lat' dir='ltr'><strong>prnsuppusitum</strong></span> <span class='ocrx_word' id='word_1_505' title='bbox 905 3927 1001 3968; x_wconf 89' lang='lat' dir='ltr'><strong>estnon</strong></span> <span class='ocrx_word' id='word_1_506' title='bbox 1012 3934 1072 3978; x_wconf 84' lang='lat' dir='ltr'><strong>esse,</strong></span> <span class='ocrx_word' id='word_1_507' title='bbox 1085 3919 1161 3984; x_wconf 89' lang='lat' dir='ltr'><strong>ipsius</strong></span> <span class='ocrx_word' id='word_1_508' title='bbox 1177 3917 1251 3974; x_wconf 92' lang='lat' dir='ltr'><strong>illius,</strong></span> <span class='ocrx_word' id='word_1_509' title='bbox 1271 3915 1417 3980; x_wconf 86' lang='lat' dir='ltr'><strong>aliommque</strong></span> 
     </span>
     <span class='ocr_line' id='line_1_44' title="bbox 318 3993 1419 4066; baseline 0.002 -25"><span class='ocrx_word' id='word_1_510' title='bbox 318 3993 445 4044; x_wconf 83' lang='lat' dir='ltr'><strong>multorum</strong></span> <span class='ocrx_word' id='word_1_511' title='bbox 452 3994 571 4060; x_wconf 87' lang='lat' dir='ltr'><strong>particeps</strong></span> <span class='ocrx_word' id='word_1_512' title='bbox 581 3995 711 4045; x_wconf 86' lang='lat' dir='ltr'><strong>dicendum</strong></span> <span class='ocrx_word' id='word_1_513' title='bbox 722 4004 767 4046; x_wconf 86' lang='lat' dir='ltr'><strong>est.</strong></span> <span class='ocrx_word' id='word_1_514' title='bbox 799 3999 1054 4066; x_wconf 81' lang='lat' dir='ltr'><strong>Etmaxiruequideur.</strong></span> <span class='ocrx_word' id='word_1_515' title='bbox 1087 3998 1244 4058; x_wconf 84' lang='lat' dir='ltr'><strong>Quamobrem</strong></span> <span class='ocrx_word' id='word_1_516' title='bbox 1253 3997 1419 4046; x_wconf 80' lang='lat' dir='ltr'><strong>dism&#39;milimdo</strong></span> 
     </span>
     <span class='ocr_line' id='line_1_45' title="bbox 311 4072 1415 4146; baseline 0.001 -23"><span class='ocrx_word' id='word_1_517' title='bbox 311 4072 354 4124; x_wconf 77' lang='lat' dir='ltr'><strong>illl</strong></span> <span class='ocrx_word' id='word_1_518' title='bbox 370 4081 407 4124; x_wconf 83' lang='lat' dir='ltr'><strong>est</strong></span> <span class='ocrx_word' id='word_1_519' title='bbox 423 4075 454 4124; x_wconf 93' lang='lat' dir='ltr'><strong>ad</strong></span> <span class='ocrx_word' id='word_1_520' title='bbox 472 4075 527 4124; x_wconf 90' lang='lat' dir='ltr'><strong>alis.</strong></span> <span class='ocrx_word' id='word_1_521' title='bbox 543 4091 598 4124; x_wconf 87' lang='lat' dir='ltr'><strong>usru</strong></span> <span class='ocrx_word' id='word_1_522' title='bbox 615 4091 669 4125; x_wconf 91' lang='lat' dir='ltr'><strong>cum</strong></span> <span class='ocrx_word' id='word_1_523' title='bbox 686 4077 733 4125; x_wconf 86' lang='lat' dir='ltr'><strong>alia</strong></span> <span class='ocrx_word' id='word_1_524' title='bbox 750 4078 823 4128; x_wconf 79' lang='lat' dir='ltr'><strong>ultera</strong></span> <span class='ocrx_word' id='word_1_525' title='bbox 843 4081 901 4146; x_wconf 86' lang='lat' dir='ltr'><strong>siut,</strong></span> <span class='ocrx_word' id='word_1_526' title='bbox 918 4097 990 4146; x_wconf 80' lang='lat' dir='ltr'><strong>quum</strong></span> <span class='ocrx_word' id='word_1_527' title='bbox 1012 4095 1095 4138; x_wconf 88' lang='lat' dir='ltr'><strong>ouum,</strong></span> <span class='ocrx_word' id='word_1_528' title='bbox 1112 4086 1224 4129; x_wconf 74' lang='lat' dir='ltr'><strong>ulranes</strong></span> <span class='ocrx_word' id='word_1_529' title='bbox 1245 4093 1298 4127; x_wconf 86' lang='lat' dir='ltr'><strong>esse</strong></span> <span class='ocrx_word' id='word_1_530' title='bbox 1315 4085 1415 4142; x_wconf 86' lang='lat' dir='ltr'><strong>oportet.</strong></span> 
     </span>
     <span class='ocr_line' id='line_1_46' title="bbox 318 4152 1416 4219; baseline 0.003 -17"><span class='ocrx_word' id='word_1_531' title='bbox 318 4152 428 4219; x_wconf 82' lang='lat' dir='ltr'><strong>Oportet.</strong></span> <span class='ocrx_word' id='word_1_532' title='bbox 461 4153 578 4205; x_wconf 59' lang='lat' dir='ltr'><strong>huces</strong></span> <span class='ocrx_word' id='word_1_533' title='bbox 588 4171 643 4206; x_wconf 87' lang='lat' dir='ltr'><strong>sero</strong></span> <span class='ocrx_word' id='word_1_534' title='bbox 655 4172 734 4207; x_wconf 86' lang='lat' dir='ltr'><strong>uoune</strong></span> <span class='ocrx_word' id='word_1_535' title='bbox 745 4159 841 4210; x_wconf 81' lang='lat' dir='ltr'><strong>slieua?</strong></span> <span class='ocrx_word' id='word_1_536' title='bbox 875 4160 983 4218; x_wconf 79' lang='lat' dir='ltr'><strong>Quidni?</strong></span> <span class='ocrx_word' id='word_1_537' title='bbox 1016 4161 1106 4211; x_wconf 84' lang='lat' dir='ltr'><strong>Alieus</strong></span> <span class='ocrx_word' id='word_1_538' title='bbox 1123 4167 1203 4210; x_wconf 86' lang='lat' dir='ltr'><strong>sutem</strong></span> <span class='ocrx_word' id='word_1_539' title='bbox 1222 4173 1303 4208; x_wconf 90' lang='lat' dir='ltr'><strong>uouue</strong></span> <span class='ocrx_word' id='word_1_540' title='bbox 1314 4157 1416 4206; x_wconf 86' lang='lat' dir='ltr'><strong>dissimi-</strong></span> 
     </span>
     <span class='ocr_line' id='line_1_47' title="bbox 318 4231 1417 4304; baseline 0.005 -24"><span class='ocrx_word' id='word_1_541' title='bbox 318 4231 368 4280; x_wconf 85' lang='lat' dir='ltr'><strong>liai</strong></span> <span class='ocrx_word' id='word_1_542' title='bbox 401 4233 531 4285; x_wconf 88' lang='lat' dir='ltr'><strong>Dissimilia</strong></span> <span class='ocrx_word' id='word_1_543' title='bbox 550 4236 629 4302; x_wconf 81' lang='lat' dir='ltr'><strong>piune.</strong></span> <span class='ocrx_word' id='word_1_544' title='bbox 660 4236 738 4304; x_wconf 77' lang='lat' dir='ltr'><strong>Atqui</strong></span> <span class='ocrx_word' id='word_1_545' title='bbox 756 4241 777 4289; x_wconf 85' lang='lat' dir='ltr'><strong>si</strong></span> <span class='ocrx_word' id='word_1_546' title='bbox 797 4241 838 4292; x_wconf 88' lang='lat' dir='ltr'><strong>uni</strong></span> <span class='ocrx_word' id='word_1_547' title='bbox 855 4241 977 4292; x_wconf 85' lang='lat' dir='ltr'><strong>dissimilia</strong></span> <span class='ocrx_word' id='word_1_548' title='bbox 992 4250 1056 4302; x_wconf 84' lang='lat' dir='ltr'><strong>suut,</strong></span> <span class='ocrx_word' id='word_1_549' title='bbox 1072 4241 1180 4291; x_wconf 88' lang='lat' dir='ltr'><strong>dissimili</strong></span> <span class='ocrx_word' id='word_1_550' title='bbox 1197 4239 1322 4290; x_wconf 86' lang='lat' dir='ltr'><strong>dissimilia</strong></span> <span class='ocrx_word' id='word_1_551' title='bbox 1340 4244 1417 4288; x_wconf 84' lang='lat' dir='ltr'><strong>erunt.</strong></span> 
     </span>
     <span class='ocr_line' id='line_1_48' title="bbox 318 4309 1417 4389; baseline 0.005 -29"><span class='ocrx_word' id='word_1_552' title='bbox 318 4309 403 4362; x_wconf 82' lang='lat' dir='ltr'><strong>Plane.</strong></span> <span class='ocrx_word' id='word_1_553' title='bbox 435 4314 520 4364; x_wconf 78' lang='lat' dir='ltr'><strong>Aderit</strong></span> <span class='ocrx_word' id='word_1_554' title='bbox 533 4317 616 4383; x_wconf 80' lang='lat' dir='ltr'><strong>itnque</strong></span> <span class='ocrx_word' id='word_1_555' title='bbox 634 4326 660 4367; x_wconf 88' lang='lat' dir='ltr'><strong>et</strong></span> <span class='ocrx_word' id='word_1_556' title='bbox 678 4321 720 4369; x_wconf 90' lang='lat' dir='ltr'><strong>uui</strong></span> <span class='ocrx_word' id='word_1_557' title='bbox 737 4321 915 4381; x_wconf 88' lang='lat' dir='ltr'><strong>dissimilitudo,</strong></span> <span class='ocrx_word' id='word_1_558' title='bbox 933 4323 1063 4374; x_wconf 88' lang='lat' dir='ltr'><strong>secundum</strong></span> <span class='ocrx_word' id='word_1_559' title='bbox 1081 4337 1153 4389; x_wconf 81' lang='lat' dir='ltr'><strong>quesn</strong></span> <span class='ocrx_word' id='word_1_560' title='bbox 1170 4321 1218 4370; x_wconf 76' lang='lat' dir='ltr'><strong>sl&#39;u</strong></span> <span class='ocrx_word' id='word_1_561' title='bbox 1233 4320 1281 4385; x_wconf 91' lang='lat' dir='ltr'><strong>ipsi</strong></span> <span class='ocrx_word' id='word_1_562' title='bbox 1296 4319 1417 4369; x_wconf 68' lang='lat' dir='ltr'><strong>dodum:</strong></span> 
     </span>
     <span class='ocr_line' id='line_1_49' title="bbox 319 4390 1418 4470; baseline 0.006 -30"><span class='ocrx_word' id='word_1_563' title='bbox 319 4398 383 4440; x_wconf 82' lang='lat' dir='ltr'><strong>suut.</strong></span> <span class='ocrx_word' id='word_1_564' title='bbox 415 4390 524 4445; x_wconf 88' lang='lat' dir='ltr'><strong>Videtur.</strong></span> <span class='ocrx_word' id='word_1_565' title='bbox 557 4397 618 4446; x_wconf 88' lang='lat' dir='ltr'><strong>Etsi</strong></span> <span class='ocrx_word' id='word_1_566' title='bbox 630 4399 664 4448; x_wconf 94' lang='lat' dir='ltr'><strong>illi</strong></span> <span class='ocrx_word' id='word_1_567' title='bbox 675 4401 841 4452; x_wconf 69' lang='lat' dir='ltr'><strong>dissimilitudo</strong></span> <span class='ocrx_word' id='word_1_568' title='bbox 852 4404 883 4452; x_wconf 84' lang='lat' dir='ltr'><strong>sd</strong></span> <span class='ocrx_word' id='word_1_569' title='bbox 895 4404 941 4453; x_wconf 90' lang='lat' dir='ltr'><strong>alis</strong></span> <span class='ocrx_word' id='word_1_570' title='bbox 952 4405 1077 4470; x_wconf 75' lang='lat' dir='ltr'><strong>competit,</strong></span> <span class='ocrx_word' id='word_1_571' title='bbox 1087 4418 1168 4452; x_wconf 87' lang='lat' dir='ltr'><strong>noune</strong></span> <span class='ocrx_word' id='word_1_572' title='bbox 1179 4403 1209 4452; x_wconf 87' lang='lat' dir='ltr'><strong>od</strong></span> <span class='ocrx_word' id='word_1_573' title='bbox 1221 4417 1247 4452; x_wconf 89' lang='lat' dir='ltr'><strong>so</strong></span> <span class='ocrx_word' id='word_1_574' title='bbox 1261 4401 1341 4466; x_wconf 87' lang='lat' dir='ltr'><strong>ipsum</strong></span> <span class='ocrx_word' id='word_1_575' title='bbox 1353 4398 1418 4448; x_wconf 90' lang='lat' dir='ltr'><strong>sirui·</strong></span> 
     </span>
     <span class='ocr_line' id='line_1_50' title="bbox 319 4471 1417 4542; baseline 0.007 -20"><span class='ocrx_word' id='word_1_576' title='bbox 319 4471 396 4522; x_wconf 91' lang='lat' dir='ltr'><strong>litudo</strong></span> <span class='ocrx_word' id='word_1_577' title='bbox 414 4476 559 4527; x_wconf 78' lang='lat' dir='ltr'><strong>conveniet?</strong></span> <span class='ocrx_word' id='word_1_578' title='bbox 592 4478 702 4535; x_wconf 83' lang='lat' dir='ltr'><strong>Quonam</strong></span> <span class='ocrx_word' id='word_1_579' title='bbox 721 4481 809 4534; x_wconf 81' lang='lat' dir='ltr'><strong>modo?</strong></span> <span class='ocrx_word' id='word_1_580' title='bbox 842 4483 868 4534; x_wconf 84' lang='lat' dir='ltr'><strong>Si</strong></span> <span class='ocrx_word' id='word_1_581' title='bbox 885 4486 925 4536; x_wconf 90' lang='lat' dir='ltr'><strong>uui</strong></span> <span class='ocrx_word' id='word_1_582' title='bbox 944 4484 999 4537; x_wconf 88' lang='lat' dir='ltr'><strong>insit</strong></span> <span class='ocrx_word' id='word_1_583' title='bbox 1018 4483 1185 4538; x_wconf 86' lang='lat' dir='ltr'><strong>dissimilitudo</strong></span> <span class='ocrx_word' id='word_1_584' title='bbox 1202 4483 1233 4532; x_wconf 88' lang='lat' dir='ltr'><strong>ad</strong></span> <span class='ocrx_word' id='word_1_585' title='bbox 1255 4497 1337 4542; x_wconf 82' lang='lat' dir='ltr'><strong>uuum,</strong></span> <span class='ocrx_word' id='word_1_586' title='bbox 1355 4481 1417 4531; x_wconf 87' lang='lat' dir='ltr'><strong>lssod</strong></span> 
     </span>
    </p>
   </div>
   <div class='ocr_carea' id='block_1_5' title="bbox 0 0 1578 5316">
    <p class='ocr_par' dir='ltr' id='par_1_5' title="bbox 0 0 1578 5316">
     <span class='ocr_line' id='line_1_51' title="bbox 0 0 1578 5316; baseline 0 0"><span class='ocrx_word' id='word_1_587' title='bbox 0 0 1578 5316; x_wconf 95' lang='lat' dir='ltr'><strong> </strong></span> 
     </span>
    </p>
   </div>
  </div>
 </body>
</html>
