3144 5310
74 603 78 614 ,
117 525 190 620 iso]
550 527 812 606 innuimus.
1140 553 1217 610 05

112 697 211 764 ignoret
222 703 360 765 minutiem
376 709 402 752 et
419 695 608 766 01ἰο00000οἰ0
625 709 707 753 srtetu.
738 702 805 753 Tss.
821 704 862 755 8ἰο
874 711 919 754 est.
940 707 997 755 80.
1013 705 1216 773 Absurdsitsqne

112 784 238 846 responsio
249 793 293 842 est,
304 783 324 832 si
338 784 400 849 quis,
410 784 566 847 interrogetur
575 782 632 847 quid
651 784 750 834 scientis
767 784 807 842 sit,
818 787 874 834 srtis
892 784 993 850 slicujos
1013 803 1099 836 nomen
1116 803 1214 850 respou-

113 861 179 910 dest.
194 863 262 928 cujus
279 864 340 914 enlm
358 865 457 914 scientis
476 870 520 920 est,
537 877 591 911 cum
610 877 659 911 nou
679 865 710 912 de
727 865 773 914 luno
792 873 895 929 rogetur,
914 866 959 914 iste
977 867 1116 930 respondet.
1146 866 1212 918 Tne.

113 939 223 992 Videtur.
252 945 298 993 80.
314 945 441 1002 Pseneros,
452 959 505 992 oum
517 943 588 992 lieest
598 942 736 1007 simpliciter
746 959 774 994 00
785 945 887 995 breviter
898 949 1049 1011 respondere,
1061 961 1104 1011 per
1114 947 1216 995 immen-

112 1037 165 1072 sum
175 1023 369 1090 cimumvsgetur.
386 1023 585 1092 quemadmodum
594 1024 620 1072 in
632 1027 763 1088 questione
778 1026 810 1074 de
821 1027 881 1089 loto,
891 1028 943 1076 leve
953 1028 1067 1092 qniddstu
1079 1035 1104 1075 et
1114 1025 1214 1089 simplex

110 1103 190 1152 lulerri
201 1113 289 1168 potest,
300 1107 365 1171 quod
376 1103 437 1154 t'errs
445 1105 538 1153 humori
548 1105 676 1153 commiste
683 1105 762 1152 lutum
773 1112 818 1154 est.
835 1106 903 1169 eujm
914 1113 992 1155 sotem
1009 1108 1040 1155 sit
1056 1107 1142 1167 lutum,
1154 1119 1215 1169 pre·

110 1185 295 1252 termittendum.
327 1185 394 1235 Tne.
410 1185 490 1234 Pseile
509 1199 607 1243 onuc,o
622 1185 743 1245 8000000,
761 1185 796 1232 its
814 1185 917 1238 ridetur.
933 1185 1020 1236 rideris
1036 1187 1099 1236 enim
1121 1195 1213 1249 petere,

109 1265 174 1328 qnod
185 1281 262 1330 nuper
273 1265 331 1314 milri
346 1275 372 1315 et
386 1266 478 1315 Socrsti
489 1266 554 1321 huic,
565 1264 610 1314 tibi
624 1265 649 1313 in
670 1265 766 1314 nornine
785 1265 865 1331 simili,
876 1251 1052 1330 disputentibus
1069 1267 1095 1314 in
1110 1274 1213 1315 mentem

107 1345 181 1396 venit.
215 1347 259 1396 80.
276 1346 343 1406 Quid
359 1347 435 1409 istud,
452 1363 467 1394 0
482 1346 622 1394 Thentete?
643 1345 878 1395 ·Trrs.'l'l1eodorus
899 1347 937 1394 hio
962 1347 993 1395 de
1013 1346 1099 1394 viribus
1120 1346 1215 1409 scriqnit

104 1426 277 1490 magnitudinis
295 1427 417 1492 tripedalis
434 1435 459 1475 et
475 1425 685 1491 quinquepedslis,
696 1441 751 1490 quse
762 1426 914 1491 longitudine
925 1441 973 1474 non
986 1435 1041 1474 sunt
1051 1425 1134 1489 pedsli
1144 1440 1212 1488 meg·

105 1504 212 1554 situdini
223 1513 426 1556 commensurate.
442 1507 573 1571 eodemque
585 1507 657 1554 ruodo
667 1506 801 1556 discurrens
817 1515 842 1556 et
859 1507 959 1556 eliciens
978 1505 1071 1570 singnis
1090 1519 1164 1568 osque
1183 1506 1214 1553 sd

105 1587 295 1652 magnitudinem
314 1595 405 1650 septem
416 1594 441 1634 et
452 1586 534 1636 decem
546 1587 645 1649 00000,
655 1587 681 1635 in
693 1601 722 1636 es
732 1587 828 1636 tunde!
840 1586 956 1636 constitit.
988 1585 1067 1634 Nobis
1085 1585 1156 1649 igitur
1167 1585 1215 1634 tele

105 1665 131 1715 ld
142 1667 169 1714 in
182 1675 285 1716 mentem
297 1667 380 1716 venit:
399 1673 524 1731 postquem
542 1666 641 1714 induite
652 1666 711 1716 sires
729 1669 860 1716 seeundum
872 1667 1048 1716 multitudinem
1060 1673 1214 1722 emerserunt,

104 1748 245 1796 coneudusn
257 1763 297 1797 ees
307 1747 332 1795 iu
349 1763 423 1795 uuum
441 1747 649 1810 comprehendere,
660 1763 708 1813 qno
720 1764 801 1798 omnes
812 1749 1001 1798 denominentur.
1031 1747 1079 1796 80.
1097 1745 1163 1794 Num
1174 1745 1212 1794 in·

105 1835 209 1876 sentum
225 1827 272 1876 tsle
289 1827 402 1893 quiddsm
420 1828 475 1876 esti
507 1827 573 1876 Tne.
596 1827 660 1875 Milri
680 1827 777 1892 quidem
794 1829 896 1877 ridetur.
912 1829 1036 1878 considere
1057 1835 1084 1882 tu
1106 1841 1213 1890 qnoque.

106 1907 151 1956 80.
168 1907 227 1956 Dic.
259 1907 325 1957 ‘l‘ssm¹
340 1895 471 1958 Numemm
484 1923 577 1957 omnem
588 1907 695 1958 biississi
707 1909 838 1958 divisimus.
867 1908 960 1966 ileum,
976 1908 1018 1972 qui
1028 1908 1104 1972 possit
1113 1905 1212 1972 esquelio

107 1975 299 2050 equsliterdesiss
310 1990 417 2053 quentin
429 1990 503 2053 ligure
515 1995 638 2054 tetragono
645 1989 842 2053 compererimus,
853 1989 1064 2054 qusdssngolsresu
1075 1995 1100 2036 et
1113 1987 1211 2051 equile·

106 2073 182 2115 temm
193 2067 351 2132 sppcllsntes.
382 2068 428 2118 80.
445 2069 532 2118 Probe.
545 2087 550 2095 ·
565 2069 631 2117 Tere.
648 2069 756 2118 Altemm
765 2070 809 2134 qni
821 2069 913 2118 medios
923 2067 1004 2132 liujus,
1015 2075 1042 2116 ut
1054 2068 1098 2116 tris
1107 2074 1132 2115 et
1142 2067 1212 2130 quln-

107 2161 154 2211 qee
164 2135 252 2213 {ild}
262 2136 287 2198 et
297 2149 374 2220 omnis
385 2163 504 2214 nomems,
514 2150 556 2214 qul
567 2150 652 2212 neqssit
667 2145 766 2214 nqunlii
783 2149 906 2214 equsliter
923 2147 984 2205 lieri,
995 2147 1037 2196 sed
1048 2147 1086 2196 sel
1106 2146 1161 2209 plus
1172 2161 1214 2209 pes

107 2226 194 2286 miuus,
205 2228 243 2278 nel
253 2229 330 2278 minor
341 2229 471 2294 pluriestit‚
483 2229 607 2295 mejueque
618 2237 643 2278 et
653 2229 731 2278 minus
741 2230 821 2294 ipsum
832 2230 894 2278 letus
905 2243 998 2292 semper
1004 2227 1120 2284 continet,
1131 2226 1212 2290 ligure

107 2307 180 2356 slters
190 2317 257 2373 psrte
267 2311 368 2375 longiori
378 2311 574 2374 compererimus,
583 2318 609 2360 et
619 2325 741 2359 numerum
754 2310 826 2358 slters
844 2317 911 2374 perte
922 2308 1052 2372 longiorem
1066 2307 1212 2366 socsvimps.

106 2386 150 2436 80.
162 2377 276 2454 Egregie.
291 2391 349 2455 quid
360 2399 411 2438 tum
423 2392 522 2455 postes?
554 2391 621 2439 Tne.
638 2391 729 2440 Omnes
739 2389 823 2449 lineus,
833 2405 888 2454 quts
899 2389 1063 2455 equileternm
1075 2395 1100 2436 et
1111 2388 1220 2452 plenum⁴

105 2457 231 2517 numenius
240 2471 366 2534 qusdtsnt,
378 2471 549 2534 longitudinem
560 2469 726 2530 definivimus5
743 2485 797 2534 qum
810 2479 889 2520 eutero
909 2471 983 2520 alters
993 2477 1060 2534 perte
1070 2469 1210 2540 longiorem,

105 2549 177 2606 sires,
194 2557 307 2614 tunquem
322 2550 471 2614 longitudine
485 2551 532 2599 illis
546 2565 697 2614 nequequsm
714 2551 950 2600 commensurabilem
968 2550 1047 2614 plenis
1055 2557 1145 2612 sutem,
1155 2563 1211 2612 000

105 2635 216 2692 possunt.
233 2637 259 2678 et
269 2630 331 2680 circs
342 2631 419 2678 solide
430 2629 494 2680 stiud
506 2629 620 2694 quiddsm
632 2629 779 2694 lsnjnssuodi.
811 2630 855 2678 80.
872 2630 971 2694 Optime
981 2630 1098 2685 omnium,
1108 2645 1124 2677 0
1135 2628 1212 2692 pueri.

107 2709 186 2766 Qnsse
197 2709 336 2759 'l'heodoros
348 2711 530 2776 hsodqusqusm
539 2711 592 2760 islsi
600 2711 729 2760 testimonii
737 2711 846 2760 reusiore
855 2711 956 2760 videtur.
989 2709 1057 2757 i'ns.
1074 2707 1210 2766 Enimsero,

107 2805 122 2836 o
130 2789 250 2854 licentes,
257 2792 321 2855 quod
333 2792 364 2840 de
375 2791 475 2840 scientis
483 2792 578 2856 queris,
588 2805 636 2840 uon
649 2791 691 2850 ite,
704 2799 729 2838 nt
739 2793 770 2840 00
782 2789 932 2854 longitudine
942 2797 968 2839 ct
985 2788 1100 2854 potentis,
1111 2801 1211 2852 respon·

106 2868 159 2918 dere
177 2870 256 2928 ssleo,
275 2885 418 2937 quemquem
437 2871 573 2936 hujusmodi
587 2872 703 2936 quiddsm
719 2872 853 2936 perquirere
873 2871 930 2918 milui
949 2869 1047 2920 videris.
1064 2884 1114 2934 quo
1133 2867 1209 2931 ique

107 2950 204 2999 000000
216 2951 356 3000 'l'lseodosus
366 2951 467 3000 vicissim
477 2945 599 3017 sppsrest'.
632 2953 674 3002 80.
691 2951 757 3010 Quid
769 2951 839 3002 sero?
857 2952 876 3000 si
891 2958 941 3000 tes
957 2950 1066 3000 currendi
1083 2947 1208 2998 selocltste

105 3028 234 3090 lsudsmet,
243 3031 335 3081 eddens
342 3022 435 3081 nullum
445 3049 476 3082 cs
488 3033 565 3098 pueris
576 3031 743 3098 promptiorem
755 3047 823 3082 cursu
834 3031 922 3082 vidisse
932 3049 939 3093 ;
956 3031 1044 3086 deinde
1054 3031 1169 3080 currendo
1180 3038 1207 3079 et

104 3109 133 3158 eb
142 3101 229 3161 ¹eduino
239 3118 265 3160 el
274 3113 394 3162 celerrimo
404 3114 507 3178 quodem
518 3113 636 3164 sucum:
654 3129 710 3162 num
721 3121 817 3178 putores
828 3113 907 3168 minus
917 3129 971 3161 000
981 3101 1008 3160 'te
1017 3112 1206 3160 seselsudsssei

105 3178 355 3258 Ι8000000000οι.
388 3193 432 3243 8ο.
448 3194 576 3244 8000ῑί00
588 3209 653 3251 tero.
664 3194 771 3258 otpeulo
782 3201 839 3241 ente
849 3193 1032 3250 dicebssn‚lere
1040 3191 1157 3258 quiddssu
1168 3191 1207 3236 in·

105 3269 181 3333 ventu,
191 3287 227 3322 00
239 3287 309 3336 grsre
318 3273 399 3337 potius
409 3289 591 3338 supremumque
601 3274 688 3322 ducis?
720 3275 787 3322 Tus.
800 3273 851 3322 .Ρο
861 3272 955 3328 doeens,
968 3285 1102 3335 supremum
1114 3269 1206 3332 sliquid

106 3351 206 3402 ntlsiltnr.
241 3353 284 3403 80.
300 3353 402 3403 Conlide
421 3356 508 3403 viribus
526 3355 591 3416 tuis;
616 3354 824 3418 testimoniumque
841 3351 962 3400 Theodori
988 3365 1021 3400 00
1040 3348 1206 3413 pervipendss.

104 3430 210 3483 sonitem
221 3433 288 3483 omui
295 3436 386 3484 ustione
397 3435 523 3500 studioque
534 3451 588 3484 000
599 3435 631 3484 00
639 3433 701 3492 elils,
713 3441 763 3482 tum
773 3433 844 3481 etism
855 3432 886 3479 00
898 3431 950 3494 ipss
961 3429 1070 3494 scientis,
1080 3427 1205 3487 ustionem,

104 3510 160 3575 quid
170 3513 213 3571 sit,
222 3513 346 3579 essignsre.
379 3515 446 3564 Tne.
463 3514 598 3566 Annitendl
617 3527 698 3571 00000,
708 3529 724 3560 o
743 3511 923 3569 8000000000
940 3505 1059 3576 egemus.¹
1078 3510 1122 3560 So.
1138 3509 1204 3572 Age,

101 3590 150 3655 jsu
161 3593 227 3643 bono
236 3595 316 3644 enimc
324 3603 392 3646 esto:
410 3595 505 3661 egregie
516 3609 619 3662 nsmque
630 3594 702 3646 modo
715 3590 854 3658 exposuisti.
885 3591 991 3656 (iuuere,
1000 3591 1095 3648 inuitem
1105 3604 1203 3654 reqion-

103 3669 189 3722 e'onem
199 3674 267 3724 illem
274 3679 305 3726 00
315 3677 412 3736 uiribus,
422 3677 622 3743 quemedmodum
632 3691 673 3725 ess
683 3675 769 3724 multes
780 3689 828 3722 uns
837 3673 919 3739 specie
928 3674 1156 3739 comprehendelsss,
1165 3671 1201 3720 its

103 3755 245 3808 ttroimss
256 3758 341 3808 multss
351 3774 401 3808 uns
410 3759 502 3808 sitione
512 3758 648 3823 complecti.
679 3755 747 3807 l'nn.
764 3756 840 3814 Scito,
851 3772 867 3805 o
881 3757 999 3818 secretus²
1010 3755 1083 3805 meld
1093 3767 1205 3816 sepeno-

100 3841 160 3882 mero
169 3836 321 3886 considerem
333 3847 444 3898 tentem,
456 3841 513 3890 dum
527 3840 569 3888 ltss
583 3846 635 3888 tuss
652 3837 796 3902 questiones
803 3835 947 3886 circumleni
966 3835 1081 3884 000000.
1115 3832 1202 3880 Verum

104 3925 179 3978 neque
189 3915 250 3964 ruibi
259 3917 312 3981 ipse
322 3921 462 3982 0000000000
472 3935 576 3986 possem
584 3920 700 3974 idoneum
710 3918 741 3967 ed
753 3917 799 3966 ists
809 3933 847 3967 me
857 3931 909 3968 esee
918 3915 1004 3966 setisve
1019 3915 1114 3971 hebere,
1124 3927 1203 3976 neque

103 3989 173 4042 elium
185 3996 280 4053 endire,
290 4005 352 4045 utto
363 4000 474 4064 precipis
489 4000 667 4066 disputnntemc
680 4013 763 4063 ,00000
780 4007 860 4056 temen
872 3999 905 4046 sb
914 3994 1072 4060 inquisitione
1082 3992 1203 4042 desistere.

103 4071 145 4122 ⁸⁰·
160 4071 298 4132 ’imfimo
309 4077 385 4126 nunide
393 4079 524 4138 rusam,
534 4068 602 4146 qussi
612 4095 688 4146 prope
695 4079 747 4142 jen
758 4079 889 4144 parturiens
895 4093 925 4126 es
937 4076 1039 4140 eoquod
1049 4087 1203 4131 comnenus,

101 4159 139 4207 sed
159 4157 272 4223 000010οι
290 4171 324 4206 es.
356 4157 786 4224 ’800’10000,0800000ιοοἱ0
805 4167 886 4208 sutem
905 4173 988 4222 pessus
1006 4171 1068 4213 som,
1088 4154 1202 4217 exprimo.

105 4239 144 4289 80.
161 4239 185 4289 0
204 4238 315 4298 ridicule,
332 4233 407 4306 [lio]
424 4239 528 4288 sodistlu
546 4257 599 4290 esse
617 4257 656 4290 nse
674 4241 749 4290 filium
775 4239 910 4290 obstetricis
934 4250 1054 4302 generose
1073 4235 1200 4286 mnodum

105 4319 208 4385 serisque
226 4326 252 4370 et
273 4325 355 4384 turen,
370 4321 534 4369 Pisenssetn?
565 4320 631 4372 Tse.
649 4320 741 4369 Audiri
759 4320 879 4384 equidem.
911 4319 955 4367 80.
972 4315 1037 4364 Num
1054 4316 1118 4380 quod
1134 4323 1159 4364 et
1174 4316 1198 4364 in

106 4400 185 4448 eedem
196 4409 245 4452 srtn
256 4399 446 4455 sersoreudistli
478 4400 545 4451 Tne.
563 4399 731 4466 Nequsqusm.
762 4402 806 4452 8ο.
822 4401 888 4449 Scito
899 4399 1200 4450 itsessezneumetsnsen

106 4477 179 4529 eors‘m
191 4481 243 4531 eliis
254 4497 358 4532 secuscs.
392 4482 474 4531 latuit
481 4483 544 4532 enirn
556 4483 773 4559 1001000000οω,
784 4482 848 4546 0000
860 4481 905 4529 lssc
916 4487 966 4528 srte
977 4479 1089 4544 preditus
1098 4477 1157 4527 sim:
1174 4488 1200 4527 ot

106 4564 214 4624 tanssns
225 4563 309 4629 nescii,
319 4565 365 4614 lsoc
373 4563 404 4614 de
415 4579 453 4612 me
464 4579 513 4614 000
521 4563 670 4628 predicent3
686 4564 728 4612 sed
738 4562 803 4628 quod
814 4562 998 4638 obsurduerunt,
1010 4572 1041 4624 et
1049 4559 1156 4630 ,homines
1171 4560 1200 4624 lu
