3150 5316
127 549 182 630 oa]
593 550 772 616 remon..
1168 557 1227 618 acc

125 703 224 768 qudem
234 713 318 769 pamm
329 703 444 768 attingere
455 703 521 754 neiaa
531 711 575 752 eat.
608 705 675 752 Talla
691 705 810 768 equidem,
819 721 834 752 0
851 705 957 762 simmia,
974 705 1058 769 judico
1073 709 1227 758 neccararinm

126 797 179 834 erae
188 801 270 835 manea
279 785 498 847 dirceodicupidoa
509 784 574 848 loqul
594 783 693 834 invicem
710 793 782 850 atque
797 785 897 849 opinari.
914 802 945 834 an
958 801 1006 834 non
1017 787 1051 835 ita
1062 786 1106 836 tibi
1116 787 1227 836 uidetur?

126 865 188 914 Sne.
205 865 237 914 Et
253 867 352 915 maxime
370 865 468 930 quidem
486 865 601 922 omnium,
619 880 634 913 0
649 865 764 914 Socraten.
797 865 837 914 80.
853 867 880 915 Si
899 869 950 916 hec
970 867 1041 931 igitur
1060 883 1113 916 rera
1131 875 1195 925 aunt,
1212 884 1227 918 0

126 945 212 1003 amice,
223 962 307 1010 magua
317 962 371 1010 apae
381 953 418 996 ert
428 947 495 995 eunti
504 946 571 1009 illuc,
581 962 630 1009 quo
640 961 704 994 nunc
714 961 759 1010 ego
771 946 913 1010 proficiacor,
926 947 1012 1010 nimbi,
1021 956 1046 997 et
1065 947 1098 996 ibi
1109 948 1229 996 sufficieu-

127 1033 165 1074 ter
183 1025 235 1090 ejur
254 1025 287 1076 rei
298 1041 323 1076 aa
334 1034 468 1090 compotem
479 1026 538 1083 beri,
550 1024 620 1090 cujua
630 1025 705 1090 gratia
716 1034 808 1074 tanturn
819 1042 862 1074 nna
872 1029 993 1091 negotium
1013 1030 1039 1076 iu
1055 1026 1170 1092 ruperinri
1181 1027 1229 1076 uita

127 1108 282 1171 auaoepimua.
314 1106 385 1156 lianc
394 1123 451 1172 ergo
462 1106 634 1171 migrationem,
643 1107 670 1156 io
679 1107 806 1170 precantia
821 1106 877 1154 milri
889 1106 1029 1171 injunctam,
1047 1108 1110 1157 bona
1121 1123 1175 1158 cum
1184 1123 1231 1172 ape

126 1187 247 1252 auacipio:
265 1188 417 1252 similiterque
427 1187 506 1252 quirin
516 1186 586 1244 aliar,
595 1187 637 1251 qui
655 1187 726 1236 modo
738 1186 831 1250 prurit
843 1195 996 1250 preparatam
1008 1188 1052 1236 eibi
1064 1196 1167 1238 mentem
1176 1196 1228 1238 tan·

63 1321 70 1335 ,
125 1283 198 1332 qaam
210 1267 365 1333 purificatam.
398 1269 459 1316 Sira.
475 1265 514 1316 Ita
523 1281 626 1332 proraua.
659 1268 703 1317 80.
724 1266 1229 1326 Purificatiorcrononneinbocconriatit,

125 1349 193 1412 quod
200 1349 341 1413 jamdudum
359 1349 505 1412 dicebamur,
522 1348 632 1397 videlicet
650 1355 685 1404 ut,
701 1363 771 1412 quam
791 1348 890 1396 maxime
909 1363 1042 1412 poaaumur,
1053 1345 1229 1411 rejungamuse

124 1442 225 1491 corpora
236 1427 348 1484 animum,
359 1441 461 1490 eumque
472 1426 651 1476 assuefaciamus
664 1442 706 1492 per
717 1443 742 1476 aa
753 1427 857 1491 undique
870 1427 1000 1492 acorporia
1011 1426 1152 1490 contagione
1160 1442 1228 1474 aeuo·

123 1508 175 1556 cari
185 1516 211 1556 et
220 1507 310 1570 colligi,
321 1508 401 1571 itaque
412 1507 504 1571 (quoad
516 1505 568 1570 ejua
579 1507 629 1556 deri
641 1507 731 1572 puteat)
743 1507 862 1567 habitare,
881 1507 963 1572 idque,
973 1516 998 1556 ct
1009 1507 1033 1554 in
1045 1505 1156 1570 prasenti
1168 1514 1227 1554 tern-

123 1603 185 1654 pore
196 1590 257 1638 etin
269 1589 355 1645 tuturo,
364 1603 377 1636 a
385 1603 482 1652 corpore
488 1595 599 1652 tanquam
610 1603 624 1636 a
634 1589 735 1638 viuculia
743 1588 872 1638 resolutum
884 1590 894 1636 i
927 1589 988 1637 Sura.
1005 1586 1111 1636 Maxime
1121 1587 1228 1651 quidem.

123 1669 171 1718 80.
189 1667 276 1718 lln'nnc
291 1669 362 1732 i'gitnr
380 1670 438 1720 baro.
450 1685 511 1717 mora
528 1669 669 1733 appellatur,
688 1669 775 1718 aolutio
794 1670 879 1718 animm
899 1677 924 1718 et
944 1669 1061 1734 reparatio
1080 1683 1095 1716 a
1113 1667 1229 1732 corporei

122 1739 186 1799 Suri.
204 1748 310 1798 Proreua.
342 1749 386 1798 80.
403 1748 497 1798 Scirem
508 1765 563 1799 vero
574 1751 660 1813 iprum,
671 1750 871 1814 quemadmodum
883 1749 1031 1807 confitemur,
1047 1748 1228 1810 omnitempore

125 1830 227 1878 maxime
237 1845 265 1878 ac
275 1829 319 1878 anli
329 1829 434 1886 atudeot,
444 1827 486 1893 qui
496 1835 560 1879 recte
571 1838 596 1877 et
606 1828 814 1894 pbilnaopbantur,
826 1836 897 1891 atque
906 1831 957 1878 hec
969 1829 1023 1892 ipra
1033 1826 1227 1892 pbiloaopbumm

124 1911 252 1960 meditatio
269 1918 313 1966 eat,
331 1909 435 1958 animum
450 1922 469 1966 ,a
487 1921 584 1971 corpore
601 1909 692 1956 aolrera
707 1917 779 1972 atquc
796 1922 911 1971 reparare.
928 1924 1007 1957 noune
1025 1909 1078 1956 ita?
1111 1907 1172 1956 Srar.
1189 1906 1228 1955 Ita

126 1991 229 2041 uidetur.
261 1991 306 2041 80.
319 1990 490 2048 Quamobrem,
500 1999 529 2038 ut
538 1988 563 2038 in
574 1987 692 2054 principio
704 1989 822 2047 dicebam,
833 1988 958 2038 ridiculum
976 1989 1046 2044 foret,
1064 1988 1084 2036 ai
1095 1987 1139 2045 uir,
1150 1986 1228 2050 quiae

125 2072 153 2122 in
164 2073 214 2122 rita
224 2072 257 2120 aio
267 2070 420 2135 comparauit,
430 2078 535 2134 utquam
548 2068 652 2133 proxime
662 2070 693 2118 ad
704 2077 801 2118 mortem
810 2070 944 2127 accederet,
952 2084 982 2118 ea
989 2067 1077 2118 deinde
1085 2067 1228 2116 adveniente

125 2153 308 2218 perturbaretur.
324 2167 403 2200 noune
420 2148 563 2200 ridiculum?
595 2151 658 2201 8ιιι.
673 2149 784 2208 Quidni?
815 2149 859 2198 80.
876 2149 970 2198 Revera
987 2149 1068 2212 igitur,
1090 2163 1105 2196 0
1122 2145 1228 2204 8ἰιιιιιιίι,

125 2241 193 2294 recte
202 2232 395 2297 pbiloanplrantea
412 2237 510 2280 mortem
527 2237 726 2294 commentantur,
736 2238 808 2294 atque
825 2231 855 2278 ab
871 2244 900 2279 ea
917 2229 1014 2279 minime
1025 2227 1128 2288 omnium
1140 2233 1227 2291 perter-

126 2319 215 2362 rentur.
248 2312 285 2361 Ita
295 2327 349 2360 aero
367 2309 498 2360 considera.
530 2310 592 2360 Com
610 2311 673 2360 euim
692 2324 779 2373 corpur
789 2310 886 2374 quidem
899 2307 988 2374 ubique
998 2315 1161 2372 capementur,
1177 2308 1227 2354 ani·

125 2407 191 2440 aram
202 2407 257 2440 raro
268 2391 344 2456 iprum
355 2389 454 2455 carpiani
464 2391 593 2440 aecundum
601 2391 704 2455 acipaum
712 2390 798 2439 babere
808 2405 817 2450 ;
828 2405 907 2438 nonno
915 2405 1005 2438 summa
1015 2395 1077 2436 exact
1088 2386 1228 2442 abrurditar,

125 2471 147 2520 ai
160 2481 227 2532 tuuc,
237 2471 333 2536 quaudo
344 2471 368 2520 id
377 2471 465 2526 erenit,
476 2477 633 2534 expavescant
642 2471 786 2533 nroleateque
794 2469 869 2518 lerant
878 2487 885 2530 ς
893 2485 971 2534 neque
982 2468 1081 2518 libenter
1092 2468 1148 2517 illuc
1156 2467 1228 2530 proti·

125 2552 255 2610 circuatur,
264 2567 312 2615 quo
320 2567 376 2600 curn
384 2551 541 2614 perrexerint,
551 2565 605 2614 aper
614 2557 650 2600 eat
658 2567 687 2598 eo
696 2549 803 2614 quidem,
813 2551 877 2614 quod
889 2549 946 2615 [68]
963 2549 1073 2597 amabant
1081 2549 1105 2595 in
1114 2546 1172 2604 rita,
1183 2561 1227 2609 po-

124 2633 165 2680 tiri
174 2631 300 2698 (amabant
310 2639 389 2680 autem
400 2629 553 2694 rapientium)
563 2647 571 2690 ι
582 2647 611 2678 eo
622 2638 710 2686 autem,
719 2630 788 2692 cujua
796 2629 960 2678 commercium
967 2626 1187 2682 molertclercbaut,
1198 2624 1226 2672 li·

123 2712 220 2762 beraril
246 2712 286 2760 Aa
299 2727 353 2762 aero
363 2711 446 2762 amatia
455 2719 482 2760 et
492 2710 627 2760 mulieribus
636 2719 661 2760 et
669 2709 723 2760 lilila
733 2710 863 2768 defunctio,
875 2709 942 2758 multi
950 2709 1000 2774 jam
1011 2707 1228 2771 aponterolueruut

123 2791 157 2840 ad
170 2791 256 2840 interna
266 2791 391 2856 proficiari,
402 2799 523 2855 aperantee
532 2807 574 2842 eoa
592 2791 627 2840 ibi
638 2792 712 2840 virere
730 2807 784 2840 cum
805 2791 886 2854 eirquo
898 2789 990 2848 versari,
1001 2805 1061 2853 quur
1077 2793 1226 2838 emarerrnr:

123 2871 251 2936 sapientiae
262 2879 341 2920 autem
353 2887 420 2920 rema
431 2879 529 2927 amator,
541 2873 690 2922 vehementer
701 2871 795 2920 inbono
806 2871 880 2934 ipram
893 2885 959 2934 apem
970 2870 1150 2930 adductua‚nnn
1159 2867 1227 2915 aliter

123 2968 178 3002 earo
190 2965 232 3016 pro
242 2953 357 3015 dignitate
375 2951 422 3000 ulla
435 2967 460 3000 re
479 2960 675 3016 comparatnmm,
686 2967 756 3016 quarn
774 2953 793 3000 ri
815 2950 935 3007 moriatur,
946 2949 1107 3001 imminentem
1127 2953 1227 2996 mortem

124 3048 188 3096 angre
196 3033 263 3088 leret,
273 3046 301 3080 ae
312 3047 360 3080 non
372 3032 472 3080 libenter
482 3032 539 3082 irinc
549 3033 607 3084 illuc
618 3034 743 3098 emigrabit
754 3033 763 3082 i
797 3032 912 3082 Arbitrari
920 3030 1025 3096 quidem,
1036 3047 1051 3077 0
1061 3029 1145 3087 amice,
1156 3043 1226 3092 opor-

125 3119 171 3169 tet,
182 3112 201 3159 ai
212 3127 266 3160 rere
277 3111 432 3178 plriloaopbur
443 3112 482 3171 ait,
493 3129 634 3178 magnopere
645 3116 710 3179 apud
723 3115 799 3178 iprum
816 3114 878 3164 banc
896 3113 1033 3177 opinionem
1044 3110 1130 3167 calore,
1141 3117 1168 3158 ut
1177 3125 1227 3170 aon

124 3191 182 3240 alibi
195 3204 276 3256 puram
294 3192 432 3256 rapientiaru
446 3207 514 3256 pocae
526 3194 618 3257 aaaequi
629 3202 708 3258 apetet
717 3209 788 3256 quam
806 3193 830 3240 iu
848 3192 926 3240 lutura
937 3199 991 3256 poet
1002 3197 1099 3238 mortem
1110 3187 1168 3236 rita.
1201 3189 1227 3236 si

126 3280 206 3322 autem
216 3273 262 3320 boc
272 3273 307 3321 ita
318 3289 343 3322 ae
354 3273 435 3333 babet,
445 3289 536 3334 nonne,
546 3273 745 3336 quemadmodum
757 3273 828 3321 modo
837 3271 954 3330 dicebam,
964 3278 1049 3334 preter
1063 3269 1179 3317 rationem
1189 3268 1226 3316 lo·

125 3352 303 3414 retomnino,ai
313 3361 409 3401 mortem
419 3352 452 3400 uir
461 3351 578 3416 ejuamodi
586 3351 739 3400 tornidarerr
772 3350 833 3400 sm.
851 3350 897 3398 Per
904 3349 920 3400 J
922 3364 999 3406 orem,
1010 3355 1092 3396 contra
1101 3346 1226 3395 rationem.

125 3433 171 3482 So.
187 3432 312 3482 Sufficieur
323 3449 379 3497 ergo
395 3431 532 3494 conjectura
543 3431 597 3494 erit,
607 3431 693 3494 inquit,
704 3429 724 3478 ai
741 3445 812 3492 quem
824 3428 910 3479 uiderit
926 3428 1023 3476 moletto
1041 3433 1139 3476 mortem
1157 3425 1226 3482 lerrc,

125 3528 181 3564 eum
193 3529 241 3562 uon
253 3528 304 3563 erac
316 3514 491 3578 pbiloaoplrum,
503 3513 545 3560 aed
558 3512 739 3576 plriloacmatum
750 3509 879 3574 quendam,
890 3509 915 3557 id
927 3515 961 3556 cat
973 3506 1077 3572 corporia
1089 3515 1225 3562 amatorem,

125 3603 201 3658 atque
209 3595 311 3642 eundem
323 3594 395 3642 lenae
407 3592 593 3657 philocriuratunr
605 3599 629 3640 et
640 3589 800 3655 plrilutimmo,
811 3589 837 3637 id
848 3595 885 3638 eet
896 3587 1046 3652 pecuniarum
1063 3589 1225 3650 bondmmquc

129 3672 261 3738 cupidum:
280 3689 308 3722 ac
321 3673 401 3737 talem,
413 3681 439 3720 ut
449 3672 547 3722 alterum
559 3673 640 3720 lacrum
657 3671 754 3720 affectet
771 3678 813 3718 aut
829 3677 963 3734 utrumque.
996 3667 1057 3716 8ιιι.
1074 3666 1180 3716 Omnino
1191 3666 1226 3714 ita

124 3761 171 3810 cet,
182 3762 209 3800 ut
220 3752 263 3801 aia.
295 3754 337 3802 So.
355 3753 458 3802 Proinde
468 3769 531 3818 quae,
542 3769 557 3800 0
568 3751 673 3808 Simmia,
681 3751 794 3800 fortitudo
804 3751 946 3814 nominatur,
956 3764 986 3797 an
997 3763 1045 3796 non
1054 3746 1110 3796 viria
1120 3745 1226 3810 ejurrno·

124 3832 150 3880 di
162 3833 260 3882 maxime
271 3835 399 3883 conuenit?
430 3834 491 3882 Sur.
507 3833 622 3882 Maxime.
654 3832 697 3881 80.
713 3831 802 3880 Nonne
818 3839 844 3880 ct
855 3829 1008 3893 temperentia
1019 3826 1103 3892 (cnjua
1115 3826 1223 3890 plerique

123 3912 193 3962 aiunt
203 3914 305 3962 officium
317 3931 366 3964 ease
376 3930 523 3979 nequaquam
536 3923 679 3978 proeternerc
696 3930 721 3962 ac
739 3913 885 3973 libidinibus,
897 3911 937 3958 aed
956 3909 1020 3972 parri
1041 3907 1145 3970 pendere
1161 3906 1225 3962 illea,
1244 3963 1250 3974 ὓ

126 3994 313 4058 mudnatiamqne
321 3995 425 4059 terrare)
441 3996 476 4044 bia
487 3996 601 4044 duntaxat
610 3994 730 4054 convenit,
741 3994 783 4059 qui
797 4008 883 4056 corpur
893 3989 1029 4054 despiciunt
1040 3987 1139 4038 marimo
1150 3993 1223 4050 atque

126 4069 152 4120 in
164 4073 422 4136 plrilorophiarirunt?
454 4076 515 4130 Sara.
531 4073 635 4124 Neceaae
646 4082 689 4124 eat.
724 4075 767 4124 80.
785 4074 810 4122 Si
822 4073 885 4122 enim
897 4070 1045 4119 considerare
1062 4067 1120 4116 velia
1131 4066 1225 4118 fortitu·

125 4151 208 4200 dinem
227 4154 452 4219 temperantiamque
473 4156 581 4217 aliorum,
603 4155 644 4204 tibi
667 4151 948 4219 perabaurdavidebitur.
980 4149 1041 4198 Sura.
1067 4149 1188 4207 Quanam,
1208 4161 1224 4194 0

125 4233 245 4288 socraten,
255 4232 362 4282 ratione?
397 4235 439 4284 80.
454 4235 506 4284 Scir
517 4235 608 4300 utique,
619 4242 709 4285 caterua
719 4249 801 4284 umnec
812 4240 910 4284 mortem
923 4247 994 4280 uuum
1006 4245 1035 4278 ex
1043 4227 1147 4276 maximia
1158 4224 1226 4274 malie

125 4311 267 4362 caietimare.
299 4311 359 4360 8ιιι.
376 4313 408 4362 Et
419 4316 516 4364 maxime
525 4315 630 4381 quidem.
663 4316 706 4364 80.
723 4315 812 4366 Nonne
821 4315 891 4378 igitur
903 4310 1015 4375 majurum
1028 4317 1090 4358 metu
1102 4306 1224 4366 malornm,

130 4391 268 4455 quicunqne
279 4390 338 4440 iuter
348 4407 390 4440 coa
401 4392 472 4442 t'urter
488 4403 553 4455 aunt,
563 4395 678 4444 sustinent
696 4402 801 4452 mortem,
813 4395 909 4457 quando
928 4390 1060 4441 ruminent?
1093 4377 1152 4437 Smr.
1169 4385 1224 4436 Hoc

129 4479 211 4534 pactu.
241 4469 284 4520 So.
301 4472 435 4521 Melucndo
452 4473 522 4538 igitur
538 4483 609 4538 atque
625 4482 689 4524 metu
701 4475 772 4523 lortee
790 4482 844 4522 eunt
859 4487 940 4522 omnca
961 4479 1044 4535 preter
1055 4468 1223 4532 philosophos:

76 4571 85 4584 ·
127 4553 172 4601 etri
183 4553 306 4602 absurdum
318 4561 436 4612 eat,mt·tu
452 4556 488 4606 rel
501 4555 625 4606 timiditate
643 4556 746 4620 aliquem
763 4571 812 4606 crac
833 4554 924 4604 torrem.
957 4553 1017 4602 Suu.
1034 4547 1139 4598 Nimium
1150 4555 1222 4600 certe.

192 4634 258 4688 Par.
278 4633 318 4688 Tr.
684 4636 705 4686 1.
1112 4627 1158 4677 Η
