3174 5322
330 507 370 566 ss
774 501 975 564 eusronss
1352 511 1427 588 [rm

329 657 422 716 anderru
440 658 547 715 obsecro,
563 655 698 704 Menexeuo
714 671 809 722 quoque
824 657 945 706 edisseras.
978 654 1042 718 Ipse.
1059 654 1167 720 inquam,
1185 657 1265 722 Lysis,
1284 659 1320 708 illi
1332 661 1428 710 referes.

329 753 385 788 uam
396 745 486 786 attente
497 751 540 784 uos
551 735 695 786 auscultastl.
727 737 827 784 Attente
842 751 907 793 sane,
922 735 1046 798 respoudit
1062 735 1112 784 ille.
1145 735 1185 784 Da
1199 737 1269 800 igitur
1284 755 1391 802 operam,
1403 749 1429 788 ut

330 817 456 882 diligenter
464 815 625 876 reminiscaris,
636 829 685 877 quo
695 813 731 862 iili
742 815 834 878 singula
846 815 967 879 pempicue
978 814 1072 864 referas.
1089 817 1154 879 quod
1166 817 1253 882 siquid
1265 819 1362 868 forsitan
1374 822 1429 868 sub-

330 897 461 961 terfugerit.
471 911 547 944 rursus
561 910 576 942 a
587 911 625 943 me
642 896 753 958 requires,
763 910 817 944 cum
829 911 866 944 me
877 896 977 960 primum
994 896 1140 948 conveneris.
1172 897 1272 948 Narrabo
1283 915 1389 963 operam.
1404 909 1430 950 et

330 976 431 1026 maxime
441 976 546 1039 quidem,
563 974 604 1022 ille
615 974 743 1037 respondit.
754 975 795 1024 sed
806 974 862 1024 aori
878 975 959 1024 saltem
975 974 1064 1039 aliquid
1083 976 1118 1024 illi
1133 977 1207 1035 dicas,
1223 986 1250 1026 nt
1264 995 1309 1044 ego
1323 981 1428 1038 auduus,

331 1056 408 1105 donec
425 1054 540 1104 redeundi
557 1054 652 1102 domum
672 1055 703 1102 sit
721 1054 786 1105 hors.
819 1055 853 1102 At
871 1070 926 1118 ego,
944 1053 1071 1118 Agendum
1090 1063 1135 1112 est,
1152 1058 1279 1120 presertim
1301 1075 1354 1108 cum
1373 1061 1428 1124 ipse

232 1167 238 1176 ·
327 1135 422 1199 jubeas.
432 1135 474 1184 sed
484 1133 571 1197 cogita,
582 1148 629 1196 qua
639 1133 730 1182 ratione
742 1135 798 1182 milri
810 1134 942 1198 opituleris,
958 1136 977 1184 si
989 1151 1026 1184 sne
1037 1135 1142 1186 refellere
1152 1137 1301 1188 Menexenus
1312 1140 1357 1188 iste
1369 1156 1427 1188 con-

331 1215 441 1265 tenderit.
449 1231 479 1264 sn
490 1229 537 1262 uon
548 1214 720 1264 contentionum
732 1230 783 1264 esse
795 1213 861 1262 illum
872 1216 976 1264 audisti?
1010 1215 1056 1266 Lr.
1073 1217 1186 1267 Prorsus:
1204 1220 1326 1269 etidcirco
1337 1229 1360 1268 te
1372 1237 1426 1268 cnm

330 1295 373 1344 illo
383 1296 542 1360 disputantem
552 1294 633 1342 audire
642 1295 763 1358 percupio.
796 1296 839 1346 80.
857 1293 896 1343 Au
907 1304 933 1344 ut
943 1297 1055 1346 ridiculus
1066 1297 1168 1346 habear?
1201 1293 1248 1350 Lu.
1267 1300 1344 1348 Absit.
1353 1302 1426 1349 immo

331 1383 358 1424 ut
367 1376 432 1426 illum
443 1377 622 1440 contigeratque
633 1373 752 1424 coiirceas.
784 1375 827 1426 80.
845 1376 916 1424 Haud
930 1377 998 1426 tacite
1010 1385 1054 1427 eat.
1067 1379 1190 1427 vehemens
1201 1380 1265 1428 enim
1276 1388 1300 1428 et
1310 1380 1427 1428 facundus

329 1466 374 1514 eat,
385 1456 492 1520 Ctesippi
508 1453 648 1519 discipulus.
665 1456 732 1504 adest
743 1463 856 1520 preterea
870 1457 927 1521 quin
939 1458 1010 1506 etiam
1022 1458 1149 1521 Ctesippus
1166 1459 1227 1524 ipse.
1239 1475 1269 1508 ιο
1282 1477 1330 1508 uon
1342 1462 1425 1509 vides?

330 1534 378 1586 Lr.
395 1535 463 1584 Nihil
473 1533 580 1592 samaria,
591 1551 606 1583 o
617 1535 733 1585 Socrates.
752 1551 806 1600 age,
821 1537 926 1593 obsecro,
943 1538 1050 1588 disseras·
1082 1539 1121 1586 80.
1138 1538 1306 1588 Disserendum
1325 1541 1427 1590 ridetur.

328 1613 418 1664 Vemm
427 1615 475 1664 ista
484 1615 553 1664 uobis
570 1630 672 1664 morsum
683 1615 713 1663 ab
724 1614 776 1663 aliis
787 1615 985 1680 collpqueutibus,
1000 1618 1057 1676 Cur,
1067 1617 1148 1682 iuquit
1163 1619 1302 1684 Ctesippua,
1316 1620 1359 1668 soli
1374 1622 1426 1670 hec

328 1693 391 1744 inter
401 1711 443 1744 vos
453 1694 564 1759 agitatis?
581 1695 640 1758 quin
652 1694 704 1742 eliis
716 1695 787 1742 etiem
798 1703 874 1744 vestra
890 1697 940 1746 hec
955 1697 1081 1762 impertite.
1114 1698 1301 1762 Impertiendum
1314 1717 1374 1758 esse,
1389 1718 1426 1748 re·

328 1774 422 1838 spondi
439 1775 478 1824 lric
493 1789 562 1838 porro
574 1790 622 1822 uon
633 1774 720 1824 ciuiles
738 1774 775 1832 iia,
788 1791 841 1840 quea
857 1777 1006 1842 conterimus,
1023 1780 1099 1828 miuus
1115 1781 1225 1844 percipit,
1238 1789 1353 1845 putatque
1369 1782 1427 1830 Me-

328 1868 445 1902 neaeuum
456 1854 603 1918 intelligere:
621 1855 732 1918 quocirca
742 1858 873 1920 percontari
881 1859 912 1906 ab
927 1858 969 1906 ilio
980 1874 1017 1908 me
1025 1859 1103 1923 jubet.
1137 1859 1200 1910 Cur.
1217 1862 1281 1918 Quid
1292 1877 1340 1912 non
1352 1862 1426 1911 inter·

327 1934 413 1997 rogas?
445 1934 487 1983 80.
504 1932 665 1998 Interrogabo.
675 1935 724 1992 die,
735 1937 829 2000 amabo,
841 1954 856 1985 o
867 1937 1011 1996 Monereue,
1022 1941 1086 2002 quod
1098 1940 1139 1988 abs
1155 1949 1179 1989 te
1195 1957 1304 2006 queram.
1337 1941 1427 1990 Iunate

328 2012 389 2060 mihi
398 2020 434 2062 eat
445 2013 475 2061 ab
486 2013 582 2062 ineunte
593 2021 663 2062 etate
675 2017 827 2078 possessionis
838 2018 907 2066 unius
918 2019 1037 2080 cupiditas
1052 2021 1170 2084 quedam,
1185 2022 1381 2086 quemadmodum
1399 2031 1426 2071 et

328 2093 388 2144 attia.
396 2100 423 2142 ut
433 2109 489 2142 ecce
500 2094 597 2156 quidam
608 2109 682 2156 equor
693 2093 820 2151 derideret,
832 2095 917 2158 aliquis
927 2113 1006 2159 canes,
1016 2096 1075 2145 alius
1086 2115 1177 2160 aurum,
1185 2102 1282 2148 bonores
1291 2101 1360 2150 aliua.
1371 2103 1426 2150 hec
1499 2139 1501 2144 -

327 2173 438 2236 equidem
450 2172 515 2235 parsi
524 2172 595 2226 facio,
607 2187 652 2219 nec
662 2171 760 2219 multum
769 2171 814 2220 iste
826 2189 861 2222 me
874 2182 983 2223 movent:
1000 2177 1198 2240 sdquirendorum
1206 2188 1283 2226 autem
1294 2182 1425 2230 amicorum

327 2251 445 2300 desiderio
453 2251 535 2313 flagro.
563 2251 640 2306 Quare
650 2251 749 2298 amicum
757 2253 843 2300 bouum
853 2255 938 2303 habere
947 2255 1035 2318 malim,
1044 2272 1114 2320 quam
1124 2259 1312 2322 pretiotissimum
1319 2263 1424 2310 coturni·

327 2345 389 2388 cem,
404 2338 445 2378 aut
462 2329 566 2394 galium:
582 2337 607 2377 et
624 2344 666 2392 per
682 2329 777 2393 Jovem,
793 2332 871 2394 potius
889 2351 960 2398 quam
980 2351 1066 2398 equum
1086 2345 1156 2402 atque
1170 2355 1270 2388 cenem:
1288 2355 1316 2390 ac
1333 2343 1424 2392 medius

327 2410 407 2467 lidius,
414 2409 493 2474 potius
501 2423 571 2472 quam
580 2407 646 2456 Darii
654 2423 734 2458 aurum
743 2411 852 2476 adipisci,
860 2415 895 2462 vel
907 2414 983 2478 ipsum
993 2415 1090 2464 Darium
1099 2434 1191 2482 capere,
1198 2420 1312 2483 optimum
1321 2422 1422 2470 amicum

327 2488 422 2552 eligere.
446 2488 550 2551 Videtis,
559 2505 629 2552 quam
638 2489 681 2537 sius
695 2491 804 2540 amicitie
815 2494 906 2544 aridus.
927 2497 1030 2553 Quando
1042 2498 1112 2561 igitur
1123 2506 1147 2548 te
1158 2507 1183 2548 ct
1192 2500 1304 2566 Lysidesu
1316 2502 1423 2551 animad-

326 2567 484 2632 sesto,[212]
495 2577 579 2630 stupeo
588 2569 702 2632 proiecto,
713 2587 800 2636 vosque
809 2573 889 2622 felices
900 2575 1017 2633 existimo,
1029 2579 1092 2642 quod
1106 2579 1129 2626 in
1138 2587 1184 2627 tam
1196 2589 1275 2630 tenera
1287 2591 1356 2632 usam
1364 2599 1422 2632 eou-

325 2645 412 2706 stituti,
419 2655 508 2696 tantum
518 2663 601 2696 munus
610 2649 673 2698 brevi
681 2659 706 2699 et
714 2651 784 2702 facile
791 2656 911 2704 consecuti
920 2656 1018 2714 fueritis.
1028 2666 1052 2706 et
1064 2666 1088 2706 tu
1098 2659 1160 2709 huuc
1170 2661 1212 2709 tibi
1225 2669 1272 2710 tem
1280 2663 1349 2712 facile
1358 2673 1423 2714 unta

326 2725 491 2776 benevolentia
509 2729 678 2788 conciliaveris,
693 2737 718 2778 et
734 2732 773 2780 hic
792 2741 814 2782 te
832 2745 914 2784 mutuo
927 2735 957 2784 sit
976 2752 1053 2786 surore
1070 2740 1213 2804 complosus.
1245 2742 1348 2792 Tantum
1368 2762 1422 2794 vero

326 2823 342 2855 a
353 2823 391 2856 me
402 2823 486 2854 munus
496 2808 520 2854 id
531 2809 606 2864 abest,
624 2817 649 2857 ut
663 2826 707 2858 uec
725 2813 794 2862 etiam
812 2831 859 2879 quo
877 2825 946 2880 pacto
963 2819 1099 2868 alteralteri
1110 2822 1199 2870 amicus
1216 2823 1266 2880 liat,
1281 2825 1421 2889 intelligam.

327 2885 439 2934 Ceterum
449 2887 499 2934 uec
510 2887 551 2934 abs
564 2894 600 2958 te,
613 2896 723 2953 tauquam
741 2893 825 2955 perito,
840 2911 942 2959 quserere
954 2899 1033 2962 cupio.
1045 2915 1117 2964 quare
1129 2902 1186 2950 mihi
1203 2906 1354 2968 respondeas,
1371 2923 1421 2956 oro.

327 2964 431 3024 Quando
443 2965 496 3028 quis
507 2965 608 3029 aliquem
620 2969 706 3032 diligit,
719 2980 769 3019 uter
781 2974 853 3024 utrius
869 2977 957 3026 amicus
969 2979 1083 3028 efficitur?
1100 2997 1211 3032 amnusue
1223 2986 1303 3041 amati,
1314 3002 1345 3034 au
1356 3002 1421 3036 arua-

326 3051 365 3094 ttrs
376 3045 493 3094 amantis?
510 3061 540 3092 an
549 3046 608 3096 nihil
620 3049 729 3098 interest?
747 3053 800 3104 Μιι.
823 3056 890 3105 Nihil
902 3059 1014 3110 interesse
1026 3062 1083 3110 uiui
1094 3064 1195 3113 videtur.
1223 3065 1265 3114 So.
1293 3068 1358 3124 Quid
1370 3068 1420 3116 ais?

326 3125 396 3174 umbo
407 3125 507 3175 invicem
519 3127 589 3176 amici
601 3127 669 3188 fiunt,
680 3135 871 3200 quondoquidem
883 3139 1015 3189 solusalter
1030 3142 1128 3192 atterum
1145 3145 1240 3210 diligit?
1273 3145 1328 3197 Ma.
1357 3149 1421 3198 Mihi

324 3204 421 3268 quidem
429 3205 528 3255 videtur.
544 3206 585 3260 So.
602 3210 666 3266 Quid
679 3215 763 3276 porro?
780 3231 810 3263 au
820 3233 867 3264 uon
878 3220 974 3282 reperiri
985 3230 1066 3285 potest
1076 3238 1156 3274 amaus
1167 3227 1273 3292 quidam,
1281 3228 1320 3278 cui
1328 3238 1419 3278 amatus

323 3284 387 3332 haud
407 3285 507 3334 vicissim
524 3287 550 3334 iu
569 3303 646 3339 amore
664 3296 809 3358 respondet?
835 3298 890 3348 Me.
914 3301 1006 3350 Potest.
1031 3303 1072 3354 80.
1095 3305 1218 3372 Numquid
1236 3316 1261 3358 et
1273 3310 1329 3358 odio
1339 3311 1420 3360 haberi

323 3372 449 3414 amatorem
469 3382 532 3430 srepe
549 3371 683 3436 contingit?
700 3377 764 3438 q'uod
784 3393 954 3443 nonnunquam
974 3383 1115 3434 amatoribus
1134 3403 1189 3450 erga
1210 3397 1300 3438 amatos
1320 3392 1419 3444 accidit.

322 3452 428 3494 amantes
437 3448 500 3496 cuim
512 3463 581 3511 quum
594 3453 756 3504 ardentissime
767 3473 945 3524 nonuunquam,
958 3462 1053 3512 minime
1064 3467 1225 3516 redamantur:
1243 3471 1315 3518 immo
1326 3478 1350 3519 et
1360 3473 1418 3520 odio

322 3526 465 3588 quaudoque
476 3528 598 3580 habentur.
609 3547 639 3580 an
651 3550 699 3582 uon
712 3552 765 3584 vera
774 3539 819 3586 tibi
830 3541 909 3590 dicere
920 3543 1018 3592 videor?
1036 3546 1090 3596 Μιι.
1108 3547 1244 3599 Verissima.
1270 3551 1312 3600 So.
1329 3551 1419 3603 Nonne

322 3602 350 3650 in
360 3603 450 3652 hiouic
461 3607 556 3669 quidem
567 3619 638 3668 emat,
649 3614 690 3662 iiie
706 3623 784 3664 autem
795 3623 899 3669 ematur?
924 3624 979 3672 Me.
998 3625 1077 3676 Certe.
1102 3629 1143 3677 8ο.
1161 3627 1220 3678 Uter
1229 3646 1284 3694 ergo
1297 3631 1371 3679 utrius
1382 3639 1420 3682 est

323 3681 430 3731 amicus?
446 3699 557 3736 amaneus
567 3691 648 3746 musti,
660 3693 709 3741 sive
720 3696 860 3757 redametur,
871 3703 920 3752 sire
932 3705 988 3754 odio
1000 3706 1127 3756 habeatur?
1144 3725 1175 3756 au
1189 3717 1281 3758 amotus
1296 3711 1417 3760 amantis?

321 3776 353 3812 ιιι
369 3770 450 3810 neuter
460 3765 564 3814 neutrius
575 3775 631 3817 tunc
642 3778 677 3818 est
688 3773 785 3832 amicus,
802 3793 855 3826 cum
871 3797 919 3828 non
935 3786 1028 3848 utrique
1039 3787 1139 3836 vicissim
1155 3789 1249 3836 amant?
1266 3789 1320 3838 Me.
1338 3791 1378 3842 Sic
1387 3809 1417 3842 se

320 3859 357 3892 res
374 3844 459 3892 habere
471 3844 570 3896 ridetur.
604 3848 647 3896 So.
662 3850 739 3902 Aliter
758 3855 838 3920 itaque
857 3874 928 3920 nunc,
947 3879 1017 3927 quam
1035 3882 1114 3932 supro,
1130 3883 1259 3917 censemus.
1276 3878 1334 3918 tune
1351 3873 1417 3921 enim

320 3923 394 3972 'itum
405 3933 450 3982 0⁸2.
461 3925 481 3974 si
493 3926 551 3976 alter
561 3929 636 3977 solum
648 3931 739 3997 diligat,
745 3937 827 3985 ambos
837 3941 923 3990 amicos
935 3959 986 4012 esse
998 3963 1004 3992 s
1021 3961 1085 3996 nuuc
1096 3957 1186 4011 contra,
1194 3949 1238 3996 uisi
1249 3956 1348 4015 uterque
1359 3952 1416 4002 dili·

319 4011 368 4068 gat,
379 4013 487 4054 neutrum
497 4007 598 4056 amicum
610 4026 660 4062 esse
672 4013 809 4068 diceudum.
841 4019 896 4070 Me.
919 4023 1034 4088 Apparet.
1067 4029 1109 4077 8ο.
1126 4028 1192 4077 Nihil
1211 4030 1283 4094 igitar
1300 4031 1336 4080 illi
1355 4036 1415 4082 ami-

319 4097 372 4133 eusu
383 4086 483 4150 est,qui
500 4091 613 4150 amstid,
634 4107 713 4158 aquo
730 4097 826 4148 minime
845 4105 986 4157 redametur.
1020 4107 1075 4158 Me.
1090 4109 1260 4160 Nonsidetur.
1293 4111 1333 4160 So.
1350 4113 1414 4177 Ergo

318 4177 363 4212 uec
373 4166 443 4215 amici
453 4181 566 4232 equcmm
577 4180 640 4231 sunt,
652 4190 711 4238 quos
722 4179 779 4242 equi
790 4195 839 4230 nou
849 4192 931 4232 mutuo
943 4194 1036 4236 emant:
1055 4205 1100 4238 uec
1118 4191 1188 4239 amici
1203 4193 1359 4251 coturnicum,
1370 4211 1413 4244 ne-

317 4256 365 4306 que
381 4259 475 4304 cauum,
486 4265 529 4297 uec
542 4251 599 4309 riui,
615 4269 659 4304 nec
676 4260 851 4312 exercitationis
861 4266 940 4328 amici,
955 4283 999 4315 nec
1015 4269 1146 4332 sapientie,
1164 4271 1212 4320 nisi
1226 4273 1344 4336 sapientia
1361 4275 1414 4332 illos

317 4319 419 4369 vicissim
430 4334 500 4377 emet.
511 4340 592 4380 amant
602 4349 687 4400 nempe
699 4339 750 4390 hec
761 4341 848 4406 singuli
859 4363 865 4392 ι
885 4361 932 4393 non
950 4355 1028 4396 tamon
1039 4349 1114 4398 amica
1125 4352 1175 4398 hoec
1187 4361 1249 4400 suut.
1261 4355 1413 4416 quemobrem

316 4400 428 4451 mentitur
439 4405 512 4466 poeta
522 4409 570 4473 ille,
585 4414 626 4476 qui
641 4415 709 4483 dicit,
730 4421 804 4471 Felix
821 4425 862 4473 ille
879 4432 923 4483 est.
943 4430 982 4476 essi
997 4430 1066 4490 paesi
1083 4432 1154 4480 ml
1169 4438 1198 4484 et,
1212 4434 1276 4496 equi,
1291 4436 1413 4484 cesoturia'

316 4488 430 4546 effluet
444 4484 677 4556 tomesuestgenu.
710 4500 765 4550 Mu.
783 4502 939 4571 Nequaquam
955 4509 1013 4556 milri
1030 4511 1130 4562 videtur.
1163 4512 1206 4566 80.
1225 4513 1314 4564 Verum
1331 4515 1411 4566 dicere
