3146 5316
665 997 1148 1080 PARMENIDES.

365 1286 550 1359 coruscus,
574 1269 790 1354 sumturus,
814 1291 1005 1353 Auernos,
1022 1291 1171 1353 eunuco,
1189 1291 1436 1352 runnooonus,

493 1426 677 1492 montem,
693 1425 791 1491 zeno,
807 1421 1045 1487 cenassemus,
1062 1419 1300 1474 aerumnosus

347 1683 423 1749 [lid]
439 1657 502 1733 clx
519 1671 612 1730 dorube
623 1657 773 1728 Clazomenis
782 1676 891 1724 Athenas
903 1674 1005 1739 protecri
1020 1689 1133 1739 suemus,
1147 1677 1216 1740 juata
1236 1677 1315 1725 iorum
1333 1676 1445 1726 Adiman-

347 1773 398 1816 tum
410 1765 592 1815 etGlauoonem
611 1761 768 1810 offendimus:
787 1765 813 1806 et
829 1771 923 1805 manum
940 1771 1018 1804 meam
1036 1759 1183 1820 prehendens
1205 1757 1359 1820 Adimantus,
1376 1757 1449 1814 Salve,

348 1846 435 1911 inquit,
447 1861 461 1893 o
474 1843 588 1908 Cephale,
607 1841 659 1891 etsi
671 1855 719 1904 quo
731 1838 835 1902 indigus,
851 1837 917 1902 quod
928 1845 1013 1884 nostre
1025 1837 1144 1888 facultatis
1155 1840 1196 1903 ait,
1204 1839 1273 1902 jube.
1305 1839 1350 1896 At,
1361 1855 1405 1904 ego
1415 1841 1449 1886 in-

348 1940 430 1993 quam,
441 1925 471 1972 ad
480 1924 504 1972 id
516 1923 578 1980 reni,
588 1923 614 1970 iu
625 1937 672 1987 quo
683 1929 759 1970 restra
770 1934 842 1984 opera
852 1919 974 1982 indigebo.
1007 1917 1120 1983 Expone,
1130 1920 1218 1984 iuquit,
1235 1919 1293 1984 qnid
1305 1919 1345 1977 sit,
1355 1937 1403 1984 qno
1415 1920 1449 1968 in·

348 2007 425 2070 digus.
456 2004 518 2054 Tum
535 2020 590 2069 ego,
610 2003 684 2051 Fratri
695 2010 771 2051 vestm
791 2015 901 2065 germano
921 1999 986 2063 quod
1005 2013 1091 2048 nomen
1111 2002 1181 2049 eret?
1197 2017 1246 2050 non
1265 2001 1328 2051 enim
1348 2003 1449 2050 memini.

348 2093 399 2134 erat
408 2085 472 2134 enim
481 2085 553 2134 terme
565 2098 632 2148 puer,
651 2083 747 2146 quando
758 2082 805 2130 buc
823 2097 837 2128 e
856 2079 1006 2128 Clazomenis
1017 2080 1125 2129 moesti:
1144 2080 1239 2145 longum
1251 2097 1305 2130 vcro
1321 2083 1453 2132 intercessit

348 2164 628 2229 tomporiainteraalium.
663 2163 728 2210 Patri
745 2169 824 2210 tunen
836 2160 889 2225 ejus
900 2159 1049 2224 Pyrllanrpes
1059 2175 1147 2210 nomen
1158 2161 1231 2210 tuisse
1242 2162 1346 2213 arbitror.
1380 2163 1450 2212 Pror-

349 2261 398 2304 sus,
417 2245 502 2310 inquit.
517 2243 564 2307 ipsi
575 2257 631 2290 sero
647 2257 734 2290 nomen
753 2239 888 2304 Antiphon.
905 2241 947 2290 aed
967 2239 1026 2304 quid
1044 2239 1192 2304 potissimum
1213 2242 1313 2308 qnaeris?
1346 2241 1401 2306 Isti,
1417 2242 1451 2291 in·

299 2357 302 2364 ·
349 2339 432 2390 quarm
449 2325 559 2374 concives
570 2323 615 2371 mci
627 2323 736 2370 ardentes
747 2329 802 2370 sunt
818 2321 941 2384 sapientise
958 2329 1083 2384 aleatores,
1102 2323 1284 2387 audieruntque,
1302 2323 1367 2372 huno
1383 2323 1451 2372 Anti·

349 2407 455 2468 phonem
471 2405 513 2452 diu
530 2403 670 2466 Pythodoro
686 2401 787 2451 Zenonis
798 2403 863 2450 socio
876 2401 1021 2450 familiariter
1036 2418 1114 2461 usum,
1132 2403 1245 2461 rationes,
1262 2418 1321 2468 quaa
1331 2405 1450 2468 quondam

349 2483 467 2542 Socrates,
483 2482 562 2532 Zenon
575 2491 647 2547 atque
664 2483 815 2532 Parmenides
834 2483 935 2532 inuicem
954 2489 1137 2548 pertractarunt,
1152 2499 1205 2534 eum
1226 2484 1392 2549 al’ytlrodoro
1408 2486 1450 2534 ise·

350 2565 462 2630 quentius
473 2564 612 2628 accepisset,
622 2564 733 2612 memoria
744 2564 851 2612 retinere.
884 2561 957 2621 Vera,
968 2563 1056 2627 inquit,
1065 2562 1135 2612 dicis.
1168 2563 1220 2612 llas
1230 2565 1311 2628 itaque
1320 2565 1402 2614 audire
1411 2567 1450 2614 de·

349 2646 488 2695 sideramus.
521 2645 594 2694 llaod
605 2644 702 2694 diliicile
714 2643 738 2692 id
750 2651 795 2706 est,
812 2643 898 2708 inquit.
915 2643 1037 2692 nandum
1050 2652 1113 2693 esset
1123 2643 1324 2703 adolescentulus,
1341 2661 1381 2694 eas
1398 2645 1449 2694 dili-

350 2735 432 2792 g'entcr
441 2727 606 2778 meditabatur.
639 2725 663 2774 N
666 2741 712 2774 unc
724 2741 778 2774 vero
789 2726 855 2790 apud
866 2741 945 2782 arum,
955 2725 995 2774 cui
1007 2725 1069 2774 idem
1081 2733 1119 2774 eat
1129 2741 1226 2783 nomen,
1237 2725 1301 2774 circa
1311 2741 1359 2775 rem
1369 2741 1450 2790 eques·

349 2815 409 2856 trem
427 2815 455 2855 ut
472 2807 597 2871 plurimum
616 2813 728 2856 senatur.
746 2813 859 2868 ceterum,
879 2804 899 2853 si
914 2821 975 2869 opus
992 2813 1038 2863 est,
1056 2805 1088 2854 ad
1105 2819 1160 2854 eutn
1176 2805 1360 2870 proficiscamur.
1376 2822 1450 2872 nuper

350 2887 414 2935 enim
425 2887 482 2934 hinc
493 2887 590 2934 domum
601 2885 667 2934 abiit.
684 2885 775 2934 habitat
794 2892 872 2932 uuum
883 2900 958 2949 prope
969 2885 995 2932 in
1006 2885 1101 2934 Melita.
1133 2885 1194 2936 Cum
1208 2888 1259 2936 bec
1270 2887 1334 2937 diota
1344 2887 1450 2945 luissent,

350 2963 500 3020 accessimus,
519 2961 593 3030 [lut]
611 2964 722 3028 domique
733 2963 865 3012 invenimus
879 2963 1055 3030 Antiphonem,
1073 2965 1166 3014 frenum
1182 2966 1304 3030 quoddam
1322 2967 1450 3032 aptandum

275 3079 279 3096 ,
349 3037 417 3092 fabro
428 3043 570 3092 tradentem.
603 3042 733 3108 Postquam
745 3057 799 3091 sero
810 3043 841 3090 ab
853 3043 892 3091 illo
910 3043 1027 3104 discessit,
1042 3053 1067 3094 et
1082 3046 1163 3096 iratres
1181 3047 1255 3096 nostri
1269 3047 1385 3096 adrentus
1397 3063 1451 3097 cau·

349 3135 400 3172 sam
414 3123 559 3172 retulerunt:
577 3123 674 3188 agnovit
690 3141 727 3173 me
743 3141 771 3174 ex
783 3123 853 3189 priori
864 3124 922 3174 illuc
934 3140 1039 3189 ccccmo,
1059 3133 1084 3176 et
1104 3126 1281 3190 congratulatus
1298 3137 1343 3177 eat.
1375 3127 1451 3177 Nobis

349 3211 429 3253 antem
441 3205 570 3263 mantibus,
590 3210 617 3252 ut
633 3205 816 3269 disputationem
838 3205 900 3254 illam
912 3205 1016 3265 referret,
1035 3207 1111 3271 primo
1123 3207 1220 3273 quidem
1229 3209 1371 3258 recusabat:
1389 3208 1450 3275 (usae

349 3285 413 3334 enim
423 3301 519 3350 operam
530 3300 580 3334 non
591 3286 747 3351 mediocrem)
758 3287 846 3336 deinde
858 3295 935 3336 tamen
946 3287 1064 3352 esposuit.
1098 3287 1169 3336 Dixit
1180 3305 1236 3354 ergo
1247 3289 1390 3356 Antiphon,
1400 3289 1449 3354 Py·

348 3367 476 3416 ttrodorum
484 3381 614 3432 enarrasse,
623 3365 742 3416 Zenonem
758 3375 830 3432 etque
844 3367 1009 3417 Parmeniden
1020 3367 1113 3418 secuse
1127 3370 1247 3433 quondam
1263 3370 1293 3418 ad
1311 3383 1450 3432 magnorum

348 3445 561 3496 Panatheneorum
574 3447 751 3498 celebritatem:
769 3457 794 3499 et
803 3448 968 3499 Panuenidem
977 3449 1028 3512 jam
1039 3465 1119 3498 senem
1130 3449 1204 3498 iuism
1214 3458 1286 3515 atque
1301 3464 1397 3508 unum,
1413 3465 1450 3500 as·

348 3535 422 3590 pcctu
433 3527 554 3588 decorum,
565 3545 639 3580 anuos
649 3530 721 3580 terme
732 3531 839 3596 quinque
857 3540 882 3580 et
896 3532 1017 3596 sexaginta
1032 3531 1109 3580 etatis
1125 3540 1251 3596 agentem
1267 3531 1386 3582 Zenonem
1396 3549 1449 3582 rero

348 3621 424 3654 anuos
436 3623 504 3672 pene
513 3611 668 3676 quadraginta
680 3621 771 3674 natum,
785 3627 882 3677 procem
893 3613 990 3678 insuper
999 3620 1025 3662 et
1035 3619 1102 3677 grato
1112 3613 1217 3677 corporis
1227 3614 1318 3672 habitu,
1330 3614 1450 3664 Parmeni-

351 3685 437 3749 disque
456 3687 600 3739 familiarem.
635 3690 765 3740 Disertisse
779 3701 858 3742 autem
873 3693 928 3742 illos
945 3694 979 3742 ait
996 3693 1060 3757 apud
1071 3693 1236 3758 Pythodomm
1247 3702 1313 3744 entra
1330 3697 1416 3745 moenia
1426 3696 1449 3744 in

350 3765 492 3816 Ceramico:
510 3784 557 3832 quo
569 3769 641 3818 etiam
653 3772 791 3824 adventasse
801 3774 930 3832 socruum,
941 3773 1049 3838 aliosque
1058 3789 1111 3822 cum
1119 3775 1216 3824 Socrttc
1231 3775 1449 3841 plurimos,scripts

348 3847 450 3898 Zenonis
461 3849 544 3898 audire
555 3850 694 3915 cupientes:
712 3869 766 3901 nam
778 3861 835 3904 tunc
846 3856 946 3920 primum
958 3856 988 3904 ab
1004 3854 1052 3903 illia
1063 3855 1089 3902 in
1104 3871 1155 3904 eam
1173 3857 1253 3904 orbem
1270 3856 1374 3906 insecta.
1406 3857 1449 3906 So·

348 3937 435 3980 orsum
447 3946 501 3979 sero
512 3947 542 3981 eo
554 3939 660 3997 tempore
670 3935 798 3984 admodum
813 3935 928 4000 juvenem
939 3936 1070 3985 exstitisse:
1087 3936 1172 4002 legisse
1183 3945 1261 3986 autem
1273 3936 1320 3986 illis
1331 3937 1448 3987 honen

346 4009 435 4076 ipsum.
468 4011 632 4062 Parmeniden
649 4015 711 4064 enim
728 4015 787 4066 forte
804 4025 869 4066 entra
889 4018 984 4066 domum
1001 4017 1080 4066 luisse.
1113 4017 1151 4068 Ac
1169 4022 1251 4082 parum
1262 4017 1405 4083 superfuisse
1416 4018 1448 4066 le·

348 4093 460 4156 gendum,
479 4094 575 4158 quando
586 4110 610 4144 se
622 4095 719 4146 intrasse
730 4099 826 4147 domum
837 4114 886 4146 uno
896 4115 948 4149 cum
960 4098 1100 4148 Parmenide
1118 4107 1143 4147 et
1159 4099 1297 4157 Aristotele,
1315 4100 1356 4163 qui
1368 4100 1399 4148 de
1409 4099 1450 4148 tri-

348 4173 414 4236 ginta
432 4174 486 4222 siris
502 4191 563 4224 unus
579 4175 633 4235 luit,
649 4177 802 4243 Pythodoms
819 4180 906 4232 debat.
939 4179 1011 4231 Unde
1030 4195 1116 4245 pauca,
1133 4191 1187 4246 que
1203 4181 1305 4245 legenda
1322 4182 1451 4244 mouban,

349 4255 458 4304 audisse:
475 4265 635 4306 verumtamen
647 4276 661 4308 s
671 4259 767 4309 Zenone
779 4259 844 4325 prius
855 4261 934 4310 omnia
942 4261 1087 4326 percepisse.
1119 4261 1206 4310 Vemm
1218 4261 1353 4320 inauditis,
1366 4262 1449 4310 Socra·

348 4341 395 4381 tem
407 4337 492 4386 disisse
502 4338 544 4395 eit,
557 4339 591 4387 nti
602 4340 699 4404 priorem
712 4342 823 4390 sermonis
833 4343 900 4406 primi
912 4343 1099 4407 suppositionem
1109 4344 1192 4392 iterum
1202 4343 1308 4408 legeret5
1325 4358 1372 4407 qun
1380 4343 1450 4399 lectu,

348 4413 427 4460 statim
439 4417 471 4462 sic
479 4417 585 4468 intulisse
596 4438 602 4466 ι
619 4421 747 4478 Quomodo
760 4423 784 4470 id
796 4423 865 4490 dicis,
876 4441 890 4472 o
902 4423 991 4482 Zenon,
1007 4426 1071 4489 quod
1083 4425 1102 4473 si
1114 4423 1188 4474 multa
1199 4432 1254 4472 sunt
1264 4439 1301 4482 ea,
1319 4439 1374 4487 queo
1386 4431 1450 4480 sunt,

349 4499 443 4554 oportet
459 4495 499 4543 illu
518 4497 603 4548 similia
620 4510 692 4566 etque
710 4504 833 4554 dissimilia
850 4506 919 4556 ease?
936 4508 982 4558 hoo
1002 4515 1080 4556 auteur
1099 4523 1151 4556 csse
1172 4505 1328 4570 impossibiie.
1362 4504 1448 4568 Neque

349 4571 412 4620 eninr
423 4572 544 4625 dissimilis
555 4579 648 4641 similis,
662 4598 739 4649 neque
758 4585 843 4637 similia
859 4587 982 4642 dissimilia
999 4607 1049 4640 esse
1061 4605 1139 4656 posse.
1156 4603 1236 4640 uouuc
1252 4585 1286 4638 sic
1298 4585 1376 4638 dicis?
1410 4585 1449 4635 Sic
