3146 5316
116 547 186 634 nc]
281 582 287 594 -
549 545 810 626 oneramur.
1172 553 1213 614 or

112 705 884 776 murentuhmtpesemtauartpuaaeteaam
901 705 1005 760 adeat?
1022 709 1155 760 atccshrh
1165 709 1216 762 cal·

112 811 170 845 oees
180 795 258 844 ralarrs
266 789 441 858 suppeditabit?
457 789 582 854 niuesque
601 788 700 838 tentoria
709 790 804 839 restari
821 789 985 854 gubernatoris
995 787 1111 840 maritima
1122 792 1217 854 peciam

112 876 146 932 ia,
168 874 273 924 raii'asris
292 873 347 922 belli
363 871 500 922 discrimina
519 871 657 928 declinabit.
674 870 823 935 retrahitque
840 871 935 920 missi
969 871 1031 920 Car.
1047 869 1115 920 trinit
1126 872 1213 921 maus.

113 957 159 1007 So.
176 953 397 1013 Atrero,oamloe
414 951 661 1018 Gdeambtaaatue
676 952 730 1015 ipsa
745 951 855 1009 edenda
875 951 933 1000 beai
948 950 1047 1010 aridem,
1066 951 1216 1016 atqaemali.

112 1035 170 1086 aiiail
182 1037 264 1085 beram
275 1037 335 1084 berse
347 1034 465 1084 utillterve
476 1041 568 1098 egetur.
602 1032 663 1084 Car.
680 1031 744 1081 Vera
753 1033 867 1097 loqueris.
898 1033 944 1082 eo.
961 1031 1036 1082 Haud
1047 1031 1217 1090 inenume-

114 1125 158 1175 tsr.
170 1117 327 1182 maturantis
336 1123 382 1180 art,
391 1117 433 1165 sed
443 1131 473 1164 ea
484 1114 553 1179 cojoa
564 1129 624 1178 opus
634 1121 672 1162 est
679 1113 749 1162 nobis
759 1113 879 1177 prodarse.
894 1127 943 1162 arna
953 1115 1018 1163 enim
1029 1113 1179 1164 acieutbmm
1188 1117 1217 1162 et

113 1199 259 1250 institiaram
275 1198 374 1246 seientia
384 1205 429 1252 est,
448 1197 491 1245 sed
503 1195 559 1244 beari
572 1195 657 1244 mallee
671 1195 789 1259 cogruitie.
805 1193 916 1259 qaac‘aca
926 1194 946 1244 si
957 1193 1021 1244 utilis
1031 1195 1099 1244 nobis
1108 1201 1145 1244 est
1154 1203 1217 1244 tean-

115 1280 230 1344 perantia,
249 1281 279 1328 ad
293 1278 357 1328 aliod
373 1277 489 1342 quiddam
505 1275 607 1327 coetera
642 1275 704 1326 Car.
722 1273 763 1324 Aa
779 1291 829 1324 noa
846 1276 943 1340 prodeat
959 1285 985 1326 et
1001 1277 1074 1326 bac?
1089 1291 1174 1341 nempe
1195 1274 1217 1324 ri

114 1361 264 1412 datiarum
275 1360 373 1410 seientia
384 1367 421 1408 eat
431 1357 595 1423 tempmutlt,
605 1357 736 1422 oeterquoe
747 1355 853 1406 scintils
864 1357 983 1421 prmsiriet,
998 1358 1055 1407 boio
1066 1371 1161 1422 qnoque
1170 1356 1218 1405 aci·

113 1443 285 1492 mtimbonom
303 1440 419 1489 malumve
436 1439 581 1490 diremti
595 1438 702 1488 similiter
716 1438 843 1502 imperans.
860 1438 929 1486 nobie
945 1439 1057 1502 proderit.
1089 1438 1130 1486 sa
1147 1437 1218 1486 Nua-

113 1523 172 1586 qoid
185 1524 270 1572 bonam
282 1522 386 1586 corporis
396 1520 557 1570 valetudinem
576 1520 697 1584 praestabit
715 1520 767 1568 baec
783 1519 872 1583 potios,
890 1535 960 1584 quam
976 1519 1112 1569 medicina?
1127 1526 1218 1568 cetera·

113 1617 162 1666 que
173 1603 260 1652 artium
271 1603 367 1651 aliarum
381 1617 454 1665 opera
464 1603 515 1650 hec
527 1601 621 1658 efficiet,
632 1601 732 1650 artifices
750 1609 829 1650 autem
840 1600 928 1665 singuli
945 1617 959 1649 a
977 1600 1078 1666 propriis
1092 1601 1218 1650 cessabunt

112 1683 246 1747 operibus?
263 1698 294 1730 an
305 1699 353 1731 non
361 1683 503 1746 jampridem
514 1682 575 1732 inter
591 1698 634 1730 nos
644 1681 761 1739 constitit,
773 1681 952 1746 temperantiam
962 1699 1013 1732 esse
1024 1683 1129 1732 scientia
1144 1682 1218 1733 inaci-

111 1763 188 1811 tiaere
207 1763 341 1820 amentiam,
358 1779 403 1812 nec
420 1763 490 1812 ullius
507 1763 602 1812 alterius
617 1763 771 1812 facultatem?
789 1778 820 1810 an
837 1779 885 1811 non
904 1763 957 1812 itai
990 1764 1051 1813 Car.
1065 1765 1103 1813 Ita
1123 1780 1218 1830 prorsus

110 1851 227 1908 apparet,
260 1845 303 1894 So.¹
320 1843 377 1892 Nou
400 1859 455 1908 ergo
473 1846 519 1894 erit
536 1845 617 1910 opilea
636 1844 750 1893 sanitatia.
785 1845 845 1894 Cnr.
862 1844 928 1893 Non.
961 1847 1004 1894 So.
1027 1845 1131 1896 Alterius
1153 1849 1218 1898 enirn

111 1925 173 1972 artis
184 1940 247 1988 opos
258 1933 295 1973 est
311 1925 385 1989 [lte]
402 1927 499 1974 annitar.
533 1927 594 1976 Car.
611 1925 717 1974 Alterius
727 1931 798 1975 certe.
832 1926 875 1974 So.
892 1925 978 1991 Neque
989 1926 1096 1976 utilitatis
1105 1929 1185 1992 igitur,
1201 1945 1217 1978 o

114 2004 201 2054 amice.
236 2003 298 2053 Nam
313 2005 380 2054 alteri
398 2008 444 2056 hoc
460 2022 521 2072 opna
539 2008 583 2055 arti
594 2008 666 2072 paulo
677 2013 733 2056 ante
745 2007 876 2056 tribuimur.
892 2009 992 2056 nonne?
1025 2007 1086 2058 Cnr.
1103 2009 1219 2061 Maxime.

114 2086 159 2134 So.
177 2085 235 2142 Quo
246 2093 316 2147 pacto
327 2087 407 2151 itaque
418 2087 483 2137 utilis
494 2088 563 2136 nobie
572 2087 729 2153 temperantia
739 2087 793 2142 erit,
804 2103 858 2136 curn
870 2087 978 2136 utilitatis
984 2089 1072 2137 nullius
1080 2089 1111 2137 ait
1118 2089 1220 2139 artilex?

115 2165 178 2214 Car.
197 2164 271 2214 Nullo
283 2168 353 2216 modo
364 2169 466 2224 ridetur.
477 2184 492 2216 o
503 2169 619 2218 Socrates.
651 2169 695 2218 So.
714 2167 830 2226 Videsne,
842 2169 928 2228 entia,
938 2185 975 2219 me
987 2186 1058 2235 sopra
1068 2187 1116 2219 non
1133 2172 1221 2236 injuria

115 2247 232 2306 durnin,
243 2263 326 2312 tneque
337 2249 414 2313 ipsum
426 2248 543 2315 culpasse,
559 2251 625 2315 quod
635 2250 695 2298 nibil
713 2265 824 2313 magnum
841 2256 866 2298 et
874 2245 932 2299 utile
942 2251 973 2298 de
985 2253 1140 2316 temperantia
1150 2269 1219 2318 arpe-

116 2329 184 2378 remi
201 2343 321 2394 uunquam
332 2332 395 2380 enim
406 2333 470 2397 quod
482 2331 586 2380 omnium
600 2331 701 2380 babetur
719 2331 910 2395 pulcherrimum,
925 2333 972 2380 boc
989 2329 1057 2380 uobis
1073 2334 1221 2398 appamisset

116 2409 211 2466 inutile,
220 2410 240 2458 ri
251 2427 299 2476 qno
311 2419 380 2476 pacto
391 2413 422 2461 ad
433 2421 496 2462 recte
506 2413 672 2478 inquirendum
691 2412 743 2476 ipse
762 2412 825 2460 utilis
837 2427 922 2462 esrem.
955 2411 1028 2462 Nune
1039 2421 1118 2462 autem
1130 2416 1218 2480 passim

118 2492 302 2564 succumbimus,
319 2509 397 2559 neque
412 2495 518 2543 invenire
529 2495 643 2552 valemus,
660 2493 691 2543 ad
711 2494 768 2558 qnid
780 2493 925 2558 potissimum
937 2494 1117 2558 significandum
1129 2503 1220 2560 tempe·

119 2572 201 2622 naua
212 2588 299 2623 nomen
309 2575 411 2624 instituit
421 2576 473 2638 ipse
484 2575 605 2624 nominum
625 2582 723 2624 auctor:
740 2589 875 2639 quanquam
886 2575 960 2624 multa
970 2577 1128 2625 concessimur
1139 2593 1153 2625 a
1164 2577 1220 2626 rati·

121 2669 166 2702 one
181 2661 263 2703 tamen
280 2656 375 2719 penitus
390 2655 548 2707 abhorrentia.
582 2656 677 2705 Etenim
690 2656 797 2706 scientiar
814 2655 935 2704 scientiam
949 2671 999 2704 esra
1013 2657 1175 2715 convenimur,
1185 2673 1221 2706 re-

121 2734 228 2784 luctante
238 2736 339 2795 ratione,
355 2737 429 2803 idque
445 2738 553 2802 protinus
565 2738 694 2787 refellente.
729 2737 794 2795 Quin
812 2736 884 2785 etiem
895 2721 939 2785 hac
949 2737 1002 2801 ipsa
1012 2737 1110 2787 scientia
1120 2737 1222 2802 reliqna·

121 2831 170 2864 rum
182 2817 332 2866 scientiarum
343 2833 413 2884 opera
425 2819 492 2868 nosci
503 2819 670 2876 concessimur,
681 2818 773 2867 ratione
784 2817 891 2867 similiter
900 2825 1061 2882 repugnante:
1078 2825 1106 2866 ut
1117 2818 1152 2867 rir
1163 2825 1221 2868 tem·

123 2913 207 2960 pmans
217 2899 272 2947 talis
282 2905 353 2961 esset,
363 2908 455 2965 ntquse
466 2899 543 2964 norit,
558 2900 617 2950 aciat
630 2915 657 2948 ae
669 2899 745 2964 iprum
763 2915 841 2956 norae,
859 2907 884 2948 et
900 2915 954 2964 qna
964 2915 1012 2948 non
1023 2899 1098 2957 norit,
1115 2899 1223 2965 ignorare

122 2993 202 3027 rorans
212 2979 339 3044 intelligat.
373 2979 428 3030 Hoc
439 2982 521 3047 otique
532 2981 657 3047 magnifice
672 2981 769 3031 nimium
787 2981 906 3046 libereque
919 2981 1086 3040 concessimus,
1105 2983 1169 3030 band
1179 2983 1222 3031 ad·

123 3067 240 3108 vertentes
253 3061 399 3125 impossibile
414 3078 474 3127 esee,
490 3071 518 3112 ut
532 3079 586 3128 quae
601 3062 668 3111 nullo
687 3063 759 3111 ruodo
775 3062 828 3127 quis
840 3063 925 3120 noscit,
943 3070 1027 3111 noscat
1037 3063 1222 3128 quodammodo.

123 3139 153 3188 In
172 3141 219 3190 boc
238 3148 318 3191 autern
335 3156 379 3191 uos
395 3143 566 3202 courenalmoa
584 3143 696 3194 videlicet
707 3143 810 3208 aliquem
823 3143 971 3208 ignorantem
989 3144 1077 3208 aliqua,
1091 3145 1156 3209 quod
1174 3159 1223 3192 non

124 3229 254 3285 eognoscat
264 3222 316 3288 ipsa
333 3237 476 3288 cognoscere
486 3243 493 3274 r
504 3209 556 3274 'etsi
572 3225 630 3274 nihil
645 3233 690 3284 eat,
707 3233 734 3274 ut
749 3223 856 3274 meatem
871 3223 962 3290 opinio,
978 3224 1043 3289 qnod
1059 3224 1105 3273 lsoc
1116 3223 1224 3272 videatur

124 3303 256 3352 absurdior.
289 3303 457 3355 Verumtamen
472 3306 505 3355 ita
523 3321 569 3354 noa
586 3307 681 3370 ineptos
700 3307 779 3370 potius
796 3321 868 3370 qnam
884 3307 955 3353 duros
976 3305 1155 3368 pertinacesqne
1173 3303 1225 3352 baec

124 3382 249 3448 indagatio
259 3393 336 3443 nacta,
348 3386 422 3436 nihilo
434 3388 508 3452 megia
519 3387 639 3436 veritatem
650 3386 757 3435 mannire
774 3393 869 3450 potest:
886 3385 928 3433 sed
945 3383 1092 3450 usqueadeo
1107 3397 1132 3432 ae
1148 3382 1224 3448 ipaarn

123 3463 204 3521 irrisit,
221 3472 248 3514 ut
257 3468 319 3531 qood
327 3467 377 3534 jam
389 3469 431 3518 dio
443 3485 487 3518 nor
498 3469 619 3518 communi
630 3483 747 3516 consensu
762 3465 927 3523 conduximus,
942 3471 968 3514 et
986 3462 1164 3529 temperantiam
1174 3479 1226 3513 esse

126 3545 260 3610 posuimus,
267 3548 311 3597 boc
321 3551 417 3600 taudem
428 3550 512 3600 inutile
522 3549 637 3614 quiddam
647 3547 776 3597 incolenter
786 3553 811 3595 et
822 3545 991 3596 contumeliose
1000 3545 1099 3595 nimium
1109 3561 1226 3611 apparue-

125 3627 165 3678 rit.
199 3625 253 3675 Tua
268 3630 362 3694 quidem
380 3632 405 3680 id
425 3645 496 3681 censa
513 3631 593 3696 potius
611 3645 683 3695 quam
701 3645 761 3689 mea,
777 3645 793 3678 o
805 3627 952 3685 Charmides,
967 3645 1028 3694 aegre
1039 3628 1098 3687 iero,
1108 3629 1130 3678 ri
1140 3635 1166 3678 tu
1178 3635 1226 3677 tarn

125 3708 222 3773 egregia
231 3708 312 3759 indole
322 3727 351 3762 ac
361 3713 519 3777 temperantia
529 3711 601 3761 animi
620 3711 742 3777 preditus,
756 3711 815 3760 nibil
832 3717 898 3759 tanta
910 3711 993 3762 virtute
1010 3710 1108 3776 juveris,
1119 3709 1227 3775 nihilque

125 3789 178 3854 ipra
187 3789 214 3838 ln
226 3791 276 3842 rita
283 3792 326 3841 tibi
340 3794 421 3858 prorit.
455 3793 582 3844 Molestiur
593 3809 689 3860 quoqne
700 3793 749 3842 iero
761 3791 928 3843 intentationis
938 3793 1020 3858 gratia,
1031 3809 1102 3858 qnam
1112 3807 1127 3840 a
1136 3791 1227 3839 Thrace

124 3869 167 3919 illo
178 3869 261 3930 didici,
274 3873 329 3922 siin
340 3889 365 3923 re
381 3875 470 3928 nuliius
486 3877 555 3941 pretii
569 3875 724 3942 perciplenda
741 3883 833 3925 tantum
847 3875 951 3924 studium
961 3875 1042 3940 posui.
1074 3873 1135 3922 Hasc
1146 3875 1228 3937 itaque

126 3950 160 4000 rie
170 3967 196 4001 se
207 3953 294 4002 babere
313 3955 377 4003 lsaod
394 3957 451 4005 tatia
467 3959 554 4006 credor
572 3958 643 4007 immo
657 3959 770 4022 ignarum
787 3973 839 4006 ease
855 3973 893 4005 me
909 3957 1098 4020 investigatorem
1114 3951 1228 4002 arbitror:

126 4031 217 4098 quippe
229 4033 272 4098 qui
283 4035 461 4097 temperantiam
473 4053 583 4102 magnum
595 4039 716 4104 quoddam
728 4039 814 4086 bonum
826 4037 975 4097 existimem
990 4037 1055 4100 quod
1068 4035 1087 4083 ri
1103 4033 1184 4090 babes,
1204 4040 1229 4082 ta

128 4113 223 4163 beatum
235 4129 297 4163 esse.
327 4112 416 4162 Vemm
435 4115 508 4182 [tro]
526 4119 616 4182 cogita,
630 4125 707 4167 utrum
725 4116 854 4182 possideas,
870 4124 896 4166 et
910 4116 1071 4166 incantatione
1090 4129 1138 4162 non
1149 4129 1229 4178 egeas.

127 4211 181 4244 narn
193 4197 215 4245 si
227 4196 325 4260 babeas,
342 4193 386 4244 nti
396 4195 506 4260 equidem
518 4198 649 4256 consulam,
667 4207 694 4247 ut
704 4215 742 4248 rna
753 4199 852 4248 delirum
864 4205 942 4262 potes,
953 4205 979 4246 et
989 4195 1158 4260 investigandae
1171 4195 1230 4243 reri-

127 4278 182 4326 tatia
191 4279 309 4342 impotem
321 4295 327 4326 r
345 4285 370 4327 te
380 4293 446 4335 sero,
457 4292 505 4341 quo
516 4293 543 4328 ea
554 4279 731 4343 temperantior,
748 4295 777 4327 eo
788 4279 925 4328 beatiorem.
958 4277 1009 4328 Cn·
1024 4275 1114 4326 Nercio
1130 4291 1172 4340 por
1185 4275 1229 4327 Jo-

128 4373 190 4417 rem,
202 4375 218 4406 o
229 4357 345 4416 Socrates,
356 4365 433 4408 ntrmn
445 4359 554 4416 habeam,
565 4374 650 4408 necne.
667 4373 722 4407 nem
733 4375 781 4430 qno
792 4367 862 4424 pacto
873 4358 933 4406 illud
943 4357 1084 4422 intelligam,
1102 4359 1166 4422 quod
1178 4375 1229 4416 sos,

128 4446 156 4487 nt
165 4440 200 4488 aia
211 4439 272 4504 ipae,
290 4441 349 4507 quid
361 4441 391 4489 ait
400 4440 505 4490 invenire
516 4439 623 4489 nondum
636 4440 758 4504 potestis?
790 4439 907 4504 Equidem
919 4438 962 4488 tibi
973 4455 1021 4489 non
1033 4438 1132 4488 multum
1148 4441 1229 4502 credo,

128 4520 246 4573 Socrates.
262 4522 334 4571 immo
343 4522 450 4587 indigere
460 4521 623 4572 incantatione
635 4537 672 4571 me
683 4521 788 4580 arbitror,
800 4528 824 4571 et
835 4529 949 4588 qnantum
961 4521 991 4572 ad
1006 4537 1043 4572 me
1058 4521 1151 4580 attinet,
1170 4520 1230 4570 nihil

128 4601 206 4651 obstat
216 4617 265 4668 qno
276 4604 353 4654 minus
362 4605 470 4672 qnoddie
487 4604 547 4654 nibil
565 4603 767 4656 incantationibus
778 4603 903 4672 medearis,
919 4603 997 4671 quoad
1010 4604 1060 4669 ipre
1072 4605 1127 4653 satir
1144 4604 1231 4652 habere
