3146 5316
298 1253 663 1334 APOLOGIA
704 1251 1066 1330 SOCRATIS.

136 1737 198 1802 [l't]
216 1737 277 1796 Qun
294 1751 337 1784 roe
347 1735 448 1793 retioue,
457 1751 472 1784 o
480 1734 522 1782 riri
533 1733 699 1792 Athenienree.
709 1734 833 1784 effecerint
842 1745 989 1788 murrum
1004 1739 1060 1798 mei,
1075 1742 1155 1792 nereio
1166 1741 1238 1806 equi·

131 1820 191 1868 dem
201 1835 208 1866 r
226 1835 263 1866 me
275 1825 338 1867 certe
348 1818 382 1866 ric
393 1817 531 1874 effecerunt,
542 1821 570 1864 ut
579 1816 625 1864 mei
636 1815 712 1879 ipeiue
724 1831 784 1879 pene
794 1817 880 1866 obiitne
891 1818 990 1879 inerim3
1007 1828 1073 1870 teuta
1084 1823 1238 1885 pemueeione

131 1899 216 1948 dicere
227 1898 272 1946 riri
282 1907 354 1946 eunt:
372 1897 480 1961 quemvis
491 1896 558 1954 nihil.
569 1903 597 1944 ut
608 1896 641 1943 ite
652 1896 743 1960 loquer,
754 1896 803 1944 veri
815 1897 844 1944 ed
857 1913 898 1946 roe
909 1899 1045 1950 detulerint.
1078 1902 1125 1950 Sed
1136 1919 1164 1950 eu
1176 1901 1238 1950 mui-

132 1979 174 2036 tie,
185 1993 240 2042 quer
251 1977 310 2026 seito
328 1979 502 2035 uuerenbent,
518 1976 543 2026 id
560 1993 612 2026 euru
628 1975 775 2040 potieeimum
791 1977 926 2034 edmiretue,
944 1981 1007 2043 quod
1018 1981 1086 2029 vobin
1103 1983 1237 2030 eruendum

132 2066 345 2115 ememonuerunn
357 2072 471 2116 neume,
482 2057 550 2122 queri
559 2057 698 2124 eloquente,
715 2057 892 2122 decipercmini.
925 2058 996 2115 Quod
1012 2061 1075 2109 enirn
1092 2076 1193 2110 moerere
1210 2060 1235 2108 id

133 2141 232 2189 minime
242 2139 386 2196 erubuerint,
395 2137 465 2200 cujus
476 2153 522 2202 ego
533 2153 588 2186 mox
605 2137 795 2202 redergutionem
806 2153 878 2201 opere
889 2138 941 2201 ipeo
957 2140 1059 2190 tectum·
1075 2157 1148 2199 erem,
1163 2155 1239 2206 queu-

132 2221 263 2284 doquidum
275 2219 299 2268 in
315 2218 441 2282 pmeentie
452 2219 521 2266 nobie
538 2231 641 2281 eppereo
654 2218 724 2280 iunge
741 2219 772 2264 eb
786 2216 925 2281 eloquentie
938 2218 1043 2268 elienor:
1059 2222 1114 2280 hoc,
1131 2221 1237 2286 iuquem.

134 2301 193 2350 mihi
204 2316 275 2365 euper
295 2299 374 2348 omnin
384 2297 459 2346 rieuru
475 2305 512 2346 eet
529 2297 777 2360 impudentirrimum:
794 2297 840 2344 niti
857 2297 917 2346 iortc
933 2299 1082 2362 eloquentem
1098 2301 1139 2349 iuti
1152 2309 1239 2351 recent

133 2398 191 2432 vere
201 2383 328 2432 dicentem.
362 2379 464 2429 sienim
481 2378 517 2426 ite
530 2379 621 2435 dicent,
640 2377 761 2439 profiterer
776 2378 887 2441 equidem
905 2393 950 2436 me,
966 2379 1073 2444 quemvis
1087 2395 1136 2430 non
1155 2397 1236 2430 eorum

132 2479 210 2520 more,
221 2464 334 2511 rhetorem
344 2476 403 2509 enee.
436 2459 534 2522 Quippe
544 2473 599 2507 cnm
610 2457 645 2520 iri,
663 2465 691 2505 ut
707 2459 819 2522 equidem
831 2459 896 2522 dico,
907 2459 956 2508 reri
968 2459 1026 2508 nihil
1037 2459 1155 2522 dixerint3
1172 2475 1186 2508 e
1197 2477 1235 2510 roe

130 2559 191 2592 vero
203 2557 245 2590 roe
261 2556 317 2590 vere
329 2539 409 2590 omniu
424 2539 526 2589 audituri
543 2538 603 2588 ritir.
636 2537 723 2602 Neque
733 2555 799 2603 vero,
817 2555 859 2604 per
875 2540 970 2596 iovem,
987 2541 1056 2590 oriri
1066 2539 1236 2601 Athenieueee,

130 2623 241 2672 fucatam
259 2637 274 2670 e
292 2635 330 2670 ute
346 2620 485 2676 oretiooem,
509 2620 708 2686 quemadmodum
727 2619 757 2668 eb
775 2620 837 2682 istie,
857 2619 980 2672 verborum
996 2621 1166 2688 nominumque
1184 2621 1234 2672 cic·

132 2705 225 2771 gentio,
251 2717 330 2767 neque
351 2701 419 2751 aliter
437 2709 581 2765 eroruetem,
606 2701 647 2750 red
669 2717 698 2750 en
716 2701 846 2765 improviso
863 2701 950 2764 purim
975 2702 1165 2768 contingentibue
1184 2717 1236 2751 rer·

133 2785 170 2834 bie
193 2791 354 2835 concertetur
370 2783 480 2832 eudictie.
520 2781 622 2831 Confido
641 2781 706 2830 enim
728 2797 766 2828 rue
782 2779 849 2843 juste
865 2780 992 2844 dicturum,
1017 2797 1095 2848 neque
1110 2783 1236 2848 quicquum

131 2874 236 2915 nentrum
252 2871 338 2930 eperet‚
355 2879 393 2911 me
410 2863 477 2911 iliter
495 2878 546 2910 esee
568 2860 703 2910 dictummr
729 2860 836 2924 alioquin
851 2875 929 2925 neque
948 2869 1042 2910 mtetem
1062 2863 1131 2920 hunc,
1150 2879 1166 2912 o
1184 2863 1238 2922 riri,

132 2949 239 3008 deceret,
271 2943 498 2995 edoieeceutulorum
519 2957 583 2990 more
601 2941 677 2989 verbie
700 2941 805 2990 studiose
827 2941 932 2991 formetie
957 2944 1004 2993 huc
1025 2943 1056 2993 ed
1075 2959 1118 2992 roe
1134 2943 1236 3010 ingredi.

134 3029 201 3086 Quin
217 3028 289 3075 immo
305 3025 464 3080 vehementer,
482 3038 497 3070 o
516 3023 559 3072 riri
574 3021 741 3082 Athenionem,
757 3021 783 3070 id
801 3037 842 3072 uro
858 3029 883 3072 et
900 3025 1007 3088 obeecro‚
1019 3033 1054 3083 ut,
1065 3025 1085 3073 ei
1095 3023 1180 3076 iiuderu
1199 3041 1237 3074 me

134 3108 211 3156 eerbir
226 3107 251 3156 iu
267 3104 432 3169 retpondeudo
450 3109 555 3152 utentem
573 3103 686 3164 audiuit,
710 3103 797 3167 qnibnr
814 3109 840 3151 et
860 3103 883 3150 iu
901 3104 953 3154 soro
972 3107 1037 3170 epud
1052 3106 1238 3170 urgenteriorum

136 3203 236 3246 menne,
255 3185 296 3236 obi
316 3185 420 3249 plerique
438 3191 541 3232 neutrum
559 3199 596 3232 me
614 3198 783 3248 nonnunqneru
800 3183 952 3246 eudiveruut,
974 3192 1001 3233 et
1023 3185 1081 3234 eiibi
1098 3185 1134 3234 uti
1152 3185 1236 3246 ecieoe

135 3283 168 3318 ne
185 3267 341 3323 edmiremini‚
359 3281 419 3314 nere
430 3264 531 3329 qreriter
549 3264 573 3313 id
591 3263 679 3312 ieretie.
711 3263 751 3312 Sic
768 3264 832 3312 enim
851 3279 877 3312 ee
893 3279 929 3313 rer
944 3264 1024 3314 hebet.
1040 3264 1109 3312 renio
1125 3265 1237 3328 equidem

136 3364 201 3399 nunc
222 3349 321 3412 primurn
332 3347 357 3396 in
374 3345 502 3410 judicium.
519 3344 599 3409 plures
609 3359 679 3409 quem
692 3343 844 3408 eeptueginte
857 3358 934 3392 ennoe
948 3349 1035 3392 netuer
1051 3359 1079 3391 eu
1100 3358 1149 3408 quo
1165 3345 1200 3401 it,
1212 3352 1239 3394 ut

136 3431 163 3478 in
179 3431 224 3478 hec
231 3427 341 3494 judicieii
352 3441 424 3477 ceuee
435 3441 515 3476 revere
526 3425 569 3473 eim
582 3425 727 3488 peregrinor.
759 3422 792 3470 Et
802 3423 917 3487 proiecto,
929 3423 1128 3488 quenadmodum
1139 3423 1237 3488 ripere·

138 3510 220 3575 grinue
236 3509 341 3560 Athenon
358 3507 484 3562 renieeern,
501 3505 656 3570 iguoeceretie
675 3505 756 3569 ntique
776 3502 835 3552 mibi
853 3505 975 3567 peregrine
993 3519 1051 3554 ecce
1070 3511 1095 3554 et
1112 3505 1186 3554 forme
1202 3505 1237 3554 io·

136 3589 229 3656 quenti,
248 3605 289 3654 pro
305 3591 362 3655 [18]
380 3587 530 3638 educationis
548 3601 606 3634 mere
624 3585 814 3634 conruetudine:
833 3583 867 3634 itu
884 3591 908 3633 et
924 3585 948 3633 in
958 3585 1083 3650 presentie
1094 3602 1136 3635 roe
1146 3602 1238 3651 precor,

135 3686 215 3734 neque
226 3670 252 3720 id
262 3671 358 3735 quidem
370 3668 466 3733 injurie,
476 3675 505 3717 ut
516 3667 629 3732 loquendi
640 3667 739 3717 formem
756 3666 853 3715 minime
864 3667 1007 3729 ettendetir;
1023 3683 1077 3733 quer
1093 3677 1164 3734 prout
1178 3685 1237 3719 con·

136 3750 216 3814 tingit,
227 3759 277 3800 tum
289 3750 380 3807 melior,
391 3757 441 3798 tum
452 3750 555 3800 deterior
565 3765 616 3799 eree
627 3757 721 3815 potent:
739 3749 781 3798 red
790 3749 894 3814 idipeum
904 3749 1066 3815 conridendo,
1076 3751 1123 3801 iruc
1133 3761 1236 3801 ruentem

137 3831 281 3894 edhibeetie,
288 3831 395 3895 jumne.
406 3845 436 3878 en
447 3830 538 3894 injuste
549 3832 636 3881 dicem.
652 3833 698 3880 hoc
718 3831 780 3880 enim
796 3831 885 3895 judicie
900 3830 1003 3880 officium
1017 3840 1069 3882 eut:
1086 3833 1184 3882 riretorie
1194 3846 1237 3881 eu·

135 3919 182 3960 tem
194 3911 309 3972 officium,
320 3927 374 3960 vere
386 3911 461 3975 ioqui.
493 3911 589 3961 Juetnm
600 3919 637 3982 eqt
647 3919 736 3971 eutem,
746 3930 762 3962 o
773 3913 814 3960 viri
825 3912 995 3970 Athenieneee,
1004 3927 1042 3959 me
1055 3911 1237 3975 primoquidem

134 3993 165 4040 ed
184 3989 361 4039 accurationem
380 3991 477 4053 primurn
491 3993 552 4040 fuleo
569 3993 705 4051 cunictem.
723 4001 748 4042 et
764 3993 794 4042 ed
814 3993 900 4057 primoe
918 3999 1066 4042 eccueetoreu
1080 3990 1236 4053 reupondere:

135 4071 226 4122 deiude
237 4068 269 4118 ed
280 4068 439 4126 noviteiruem,
451 4077 522 4135 etque
533 4073 681 4122 novireirune.
714 4074 758 4122 Me
769 4074 865 4136 quidem
876 4071 945 4120 multi
951 4071 1002 4135 jem
1012 4069 1092 4117 multis
1099 4069 1167 4116 enuit
1177 4068 1237 4118 ieien

134 4153 199 4215 epod
212 4165 254 4200 voe
264 4157 421 4200 occurerunt:
439 4165 498 4214 quoe
515 4152 626 4214 equidem
645 4153 717 4216 megin
733 4153 844 4214 ionnido,
858 4167 929 4216 quem
942 4151 1019 4214 Anyti
1036 4147 1219 4212 edetipuieturee
1228 4167 1237 4212 ς

135 4246 273 4296 quemquern
288 4237 314 4280 et
329 4229 354 4278 iri
365 4237 420 4278 eunt
432 4229 459 4281 in
476 4231 641 4293 pertendendo
657 4239 775 4294 potenter.
807 4232 856 4280 Sed
873 4231 908 4280 illi
926 4230 1081 4294 potentium,
1096 4244 1111 4276 o
1125 4228 1177 4292 riri,
1194 4229 1237 4294 qui

137 4311 263 4377 pieroeque
275 4318 375 4362 reetnrnr
395 4324 410 4359 ι
423 4309 525 4374 pueritie
540 4320 696 4373 occupemur,
714 4319 852 4360 eccueentee
868 4327 905 4360 me
920 4311 1003 4375 procui
1021 4326 1037 4358 e
1048 4309 1153 4368 veritete.
1164 4317 1235 4376 etque

138 4391 204 4440 vobin
215 4392 394 4456 pennedenteq
402 4405 454 4441 enee
465 4390 578 4440 videlicet
587 4391 706 4440 Soeretem
718 4391 836 4454 quendem
848 4390 989 4454 cupientem,
1005 4404 1083 4440 eornm
1098 4407 1152 4456 quer
1165 4407 1237 4457 rupee

138 4487 224 4530 nerem,
232 4489 333 4538 quoque
344 4473 388 4522 rub
399 4480 459 4522 terre
468 4472 537 4534 finnt,
547 4479 749 4536 peruerutetorem,
760 4472 802 4536 qui
811 4471 888 4522 uolent
899 4471 1030 4536 interiorem
1040 4473 1152 4522 mtiurrem
1159 4473 1236 4522 dirre-

140 4553 212 4602 reudo
222 4554 363 4618 mperioren
376 4553 517 4614 ostendere3
534 4553 558 4602 hi
570 4553 685 4618 proiecto.
704 4569 718 4602 o
730 4551 773 4604 viri
791 4552 960 4614 Athenieneee,
976 4554 1018 4620 qui
1032 4557 1095 4606 hunc
1106 4555 1137 4604 de
1148 4571 1185 4604 ure
1196 4569 1236 4614 rq-
