<?xml version="1.0" encoding="UTF-8"?>
<!DOCTYPE html PUBLIC "-//W3C//DTD XHTML 1.0 Transitional//EN"
    "http://www.w3.org/TR/xhtml1/DTD/xhtml1-transitional.dtd">
<html xmlns="http://www.w3.org/1999/xhtml" xml:lang="en" lang="en">
 <head>
  <title>
</title>
<meta http-equiv="Content-Type" content="text/html;charset=utf-8" />
  <meta name='ocr-system' content='tesseract 3.04.00' />
  <meta name='ocr-capabilities' content='ocr_page ocr_carea ocr_par ocr_line ocrx_word'/>
</head>
<body>
  <div class='ocr_page' id='page_1' title='image "./platonisetquaev06bekkgoog_0071.png"; bbox 0 0 3174 5322; ppageno 0'>
   <div class='ocr_carea' id='block_1_1' title="bbox 355 483 1456 584">
    <p class='ocr_par' dir='ltr' id='par_1_1' title="bbox 355 483 1456 584">
     <span class='ocr_line' id='line_1_1' title="bbox 355 483 1456 584; baseline 0.001 -30"><span class='ocrx_word' id='word_1_1' title='bbox 355 497 393 554; x_wconf 74' lang='lat' dir='ltr'>ro</span> <span class='ocrx_word' id='word_1_2' title='bbox 775 483 1000 555; x_wconf 62' lang='lat' dir='ltr'>”merome</span> <span class='ocrx_word' id='word_1_3' title='bbox 1382 489 1456 584; x_wconf 75' lang='lat'>[³42</span> 
     </span>
    </p>
   </div>
   <div class='ocr_carea' id='block_1_2' title="bbox 292 641 1469 4631">
    <p class='ocr_par' dir='ltr' id='par_1_2' title="bbox 292 641 1469 4631">
     <span class='ocr_line' id='line_1_2' title="bbox 356 641 1459 724; baseline 0.006 -24"><span class='ocrx_word' id='word_1_4' title='bbox 356 649 452 709; x_wconf 81' lang='lat' dir='ltr'>viderie,</span> <span class='ocrx_word' id='word_1_5' title='bbox 460 650 540 716; x_wconf 85' lang='lat' dir='ltr'>iprum</span> <span class='ocrx_word' id='word_1_6' title='bbox 550 649 616 716; x_wconf 87' lang='lat' dir='ltr'>quod</span> <span class='ocrx_word' id='word_1_7' title='bbox 627 641 722 701; x_wconf 77' lang='lat' dir='ltr'>dilicit·</span> <span class='ocrx_word' id='word_1_8' title='bbox 734 646 945 716; x_wconf 84' lang='lat' dir='ltr'>dicitnr,&#39;iorelteu</span> <span class='ocrx_word' id='word_1_9' title='bbox 956 649 1103 700; x_wconf 84' lang='lat' dir='ltr'>Simonidem</span> <span class='ocrx_word' id='word_1_10' title='bbox 1119 651 1214 702; x_wconf 88' lang='lat' dir='ltr'>uenite</span> <span class='ocrx_word' id='word_1_11' title='bbox 1226 654 1359 720; x_wconf 87' lang='lat' dir='ltr'>e&#39;ccepieee,</span> <span class='ocrx_word' id='word_1_12' title='bbox 1371 665 1399 706; x_wconf 93' lang='lat' dir='ltr'>nt</span> <span class='ocrx_word' id='word_1_13' title='bbox 1408 657 1459 724; x_wconf 78' lang='lat' dir='ltr'>ipre</span> 
     </span>
     <span class='ocr_line' id='line_1_3' title="bbox 355 731 1457 803; baseline 0.005 -23"><span class='ocrx_word' id='word_1_14' title='bbox 355 747 419 782; x_wconf 81' lang='lat' dir='ltr'>nunc</span> <span class='ocrx_word' id='word_1_15' title='bbox 430 732 535 797; x_wconf 82' lang='lat' dir='ltr'>recipie:</span> <span class='ocrx_word' id='word_1_16' title='bbox 553 747 631 782; x_wconf 80' lang='lat' dir='ltr'>rerum</span> <span class='ocrx_word' id='word_1_17' title='bbox 644 739 755 798; x_wconf 75' lang='lat' dir='ltr'>unqueru</span> <span class='ocrx_word' id='word_1_18' title='bbox 766 731 853 781; x_wconf 86' lang='lat' dir='ltr'>melum</span> <span class='ocrx_word' id='word_1_19' title='bbox 865 741 890 781; x_wconf 84' lang='lat' dir='ltr'>et</span> <span class='ocrx_word' id='word_1_20' title='bbox 900 747 970 796; x_wconf 72' lang='lat' dir='ltr'>greve</span> <span class='ocrx_word' id='word_1_21' title='bbox 981 731 1095 796; x_wconf 85' lang='lat' dir='ltr'>quiddem</span> <span class='ocrx_word' id='word_1_22' title='bbox 1113 733 1296 800; x_wconf 73' lang='lat' dir='ltr'>intelligendum</span> <span class='ocrx_word' id='word_1_23' title='bbox 1307 749 1361 786; x_wconf 85' lang='lat' dir='ltr'>eree</span> <span class='ocrx_word' id='word_1_24' title='bbox 1373 741 1457 803; x_wconf 69' lang='lat' dir='ltr'>pertin</span> 
     </span>
     <span class='ocr_line' id='line_1_4' title="bbox 355 813 1459 886; baseline 0.009 -24"><span class='ocrx_word' id='word_1_25' title='bbox 355 831 394 865; x_wconf 84' lang='lat' dir='ltr'>rue</span> <span class='ocrx_word' id='word_1_26' title='bbox 404 814 519 864; x_wconf 77' lang='lat' dir='ltr'>Prodico·</span> <span class='ocrx_word' id='word_1_27' title='bbox 529 816 650 864; x_wconf 85' lang='lat' dir='ltr'>edmouet.</span> <span class='ocrx_word' id='word_1_28' title='bbox 666 829 721 864; x_wconf 86' lang='lat' dir='ltr'>nem</span> <span class='ocrx_word' id='word_1_29' title='bbox 731 813 825 880; x_wconf 76' lang='lat' dir='ltr'>quotie·</span> <span class='ocrx_word' id='word_1_30' title='bbox 835 813 872 864; x_wconf 86' lang='lat' dir='ltr'>rel</span> <span class='ocrx_word' id='word_1_31' title='bbox 883 813 954 864; x_wconf 84' lang='lat' dir='ltr'>elium</span> <span class='ocrx_word' id='word_1_32' title='bbox 964 813 1071 872; x_wconf 71' lang='lat' dir='ltr'>hodene,</span> <span class='ocrx_word' id='word_1_33' title='bbox 1079 815 1117 866; x_wconf 79' lang='lat' dir='ltr'>vet</span> <span class='ocrx_word' id='word_1_34' title='bbox 1125 815 1189 865; x_wconf 80' lang='lat' dir='ltr'>teitu</span> <span class='ocrx_word' id='word_1_35' title='bbox 1198 817 1281 881; x_wconf 89' lang='lat' dir='ltr'>loquor</span> <span class='ocrx_word' id='word_1_36' title='bbox 1293 837 1299 868; x_wconf 75' lang='grc' dir='ltr'>ι</span> <span class='ocrx_word' id='word_1_37' title='bbox 1318 817 1459 886; x_wconf 72' lang='lat' dir='ltr'>Pmtegoree</span> 
     </span>
     <span class='ocr_line' id='line_1_5' title="bbox 292 893 1457 968; baseline 0.007 -25"><span class='ocrx_word' id='word_1_38' title='bbox 292 915 295 926; x_wconf 87' lang='lat'>·</span> <span class='ocrx_word' id='word_1_39' title='bbox 356 895 452 960; x_wconf 81' lang='lat' dir='ltr'>repient</span> <span class='ocrx_word' id='word_1_40' title='bbox 463 895 497 944; x_wconf 89' lang='lat' dir='ltr'>rir</span> <span class='ocrx_word' id='word_1_41' title='bbox 507 903 554 960; x_wconf 89' lang='lat' dir='ltr'>eet,</span> <span class='ocrx_word' id='word_1_42' title='bbox 564 905 588 946; x_wconf 89' lang='lat' dir='ltr'>et</span> <span class='ocrx_word' id='word_1_43' title='bbox 599 895 682 953; x_wconf 65' lang='lat' dir='ltr'>note.</span> <span class='ocrx_word' id='word_1_44' title='bbox 701 897 726 946; x_wconf 93' lang='lat' dir='ltr'>id</span> <span class='ocrx_word' id='word_1_45' title='bbox 737 904 782 955; x_wconf 88' lang='lat' dir='ltr'>ert,</span> <span class='ocrx_word' id='word_1_46' title='bbox 794 896 920 946; x_wconf 85' lang='lat' dir='ltr'>reiremene</span> <span class='ocrx_word' id='word_1_47' title='bbox 930 893 1071 960; x_wconf 69' lang='lat' dir='ltr'>pretioque:</span> <span class='ocrx_word' id='word_1_48' title='bbox 1088 896 1187 962; x_wconf 75' lang='lat' dir='ltr'>corripit</span> <span class='ocrx_word' id='word_1_49' title='bbox 1198 913 1236 946; x_wconf 87' lang='lat' dir='ltr'>roe</span> <span class='ocrx_word' id='word_1_50' title='bbox 1251 899 1378 960; x_wconf 86' lang='lat' dir='ltr'>contiuuo,</span> <span class='ocrx_word' id='word_1_51' title='bbox 1393 905 1457 968; x_wconf 89' lang='lat' dir='ltr'>quod</span> 
     </span>
     <span class='ocr_line' id='line_1_6' title="bbox 356 975 1461 1054; baseline 0.008 -30"><span class='ocrx_word' id='word_1_52' title='bbox 356 977 420 1024; x_wconf 86' lang='lat' dir='ltr'>bone</span> <span class='ocrx_word' id='word_1_53' title='bbox 439 977 517 1054; x_wconf 71' lang='lat' dir='ltr'>gretie</span> <span class='ocrx_word' id='word_1_54' title='bbox 534 977 612 1026; x_wconf 83' lang='lat' dir='ltr'>dicem</span> <span class='ocrx_word' id='word_1_55' title='bbox 625 993 633 1039; x_wconf 82' lang='lat'>3</span> <span class='ocrx_word' id='word_1_56' title='bbox 648 993 702 1026; x_wconf 89' lang='lat' dir='ltr'>curu</span> <span class='ocrx_word' id='word_1_57' title='bbox 720 991 791 1043; x_wconf 70' lang='lat' dir='ltr'>prere</span> <span class='ocrx_word' id='word_1_58' title='bbox 806 977 893 1026; x_wconf 87' lang='lat' dir='ltr'>melum</span> <span class='ocrx_word' id='word_1_59' title='bbox 911 977 952 1028; x_wconf 89' lang='lat' dir='ltr'>eit.</span> <span class='ocrx_word' id='word_1_60' title='bbox 985 975 1064 1026; x_wconf 85' lang='lat' dir='ltr'>Nemo</span> <span class='ocrx_word' id='word_1_61' title='bbox 1083 977 1146 1026; x_wconf 85' lang='lat' dir='ltr'>euim</span> <span class='ocrx_word' id='word_1_62' title='bbox 1161 977 1197 1028; x_wconf 89' lang='lat' dir='ltr'>ite</span> <span class='ocrx_word' id='word_1_63' title='bbox 1215 979 1319 1045; x_wconf 88' lang='lat' dir='ltr'>loquitur</span> <span class='ocrx_word' id='word_1_64' title='bbox 1337 990 1365 1031; x_wconf 89' lang='lat' dir='ltr'>ut</span> <span class='ocrx_word' id='word_1_65' title='bbox 1387 983 1461 1048; x_wconf 61' lang='lat' dir='ltr'>dicet</span> 
     </span>
     <span class='ocr_line' id='line_1_7' title="bbox 356 1057 1460 1128; baseline 0.011 -26"><span class='ocrx_word' id='word_1_66' title='bbox 356 1073 438 1121; x_wconf 66' lang='lat' dir='ltr'>graver</span> <span class='ocrx_word' id='word_1_67' title='bbox 448 1057 551 1116; x_wconf 83' lang='lat' dir='ltr'>divitior,</span> <span class='ocrx_word' id='word_1_68' title='bbox 568 1073 661 1123; x_wconf 74' lang='lat' dir='ltr'>prorem</span> <span class='ocrx_word' id='word_1_69' title='bbox 681 1074 773 1124; x_wconf 82' lang='lat' dir='ltr'>penem,</span> <span class='ocrx_word' id='word_1_70' title='bbox 787 1059 911 1108; x_wconf 85' lang='lat' dir='ltr'>renitetem</span> <span class='ocrx_word' id='word_1_71' title='bbox 930 1071 1041 1123; x_wconf 71' lang='lat' dir='ltr'>qrererut</span> <span class='ocrx_word' id='word_1_72' title='bbox 1057 1059 1235 1125; x_wconf 69' lang='lat' dir='ltr'>inmoprerem</span> <span class='ocrx_word' id='word_1_73' title='bbox 1255 1063 1373 1121; x_wconf 85' lang='lat' dir='ltr'>morbum.</span> <span class='ocrx_word' id='word_1_74' title='bbox 1391 1081 1460 1128; x_wconf 73' lang='lat' dir='ltr'>greve</span> 
     </span>
     <span class='ocr_line' id='line_1_8' title="bbox 357 1139 1461 1206; baseline 0.006 -18"><span class='ocrx_word' id='word_1_75' title='bbox 357 1139 454 1196; x_wconf 82' lang='lat' dir='ltr'>bellum,</span> <span class='ocrx_word' id='word_1_76' title='bbox 465 1139 569 1204; x_wconf 67' lang='lat' dir='ltr'>:gruem</span> <span class='ocrx_word' id='word_1_77' title='bbox 585 1148 766 1205; x_wconf 84' lang='lat' dir='ltr'>peupertetem;</span> <span class='ocrx_word' id='word_1_78' title='bbox 782 1139 850 1206; x_wconf 83' lang='lat' dir='ltr'>queri</span> <span class='ocrx_word' id='word_1_79' title='bbox 861 1155 940 1204; x_wconf 71' lang='lat' dir='ltr'>prere,</span> <span class='ocrx_word' id='word_1_80' title='bbox 957 1139 983 1190; x_wconf 89' lang='lat' dir='ltr'>id</span> <span class='ocrx_word' id='word_1_81' title='bbox 1003 1147 1048 1198; x_wconf 84' lang='lat' dir='ltr'>eet,</span> <span class='ocrx_word' id='word_1_82' title='bbox 1065 1155 1201 1206; x_wconf 85' lang='lat' dir='ltr'>oueroeurn,</span> <span class='ocrx_word' id='word_1_83' title='bbox 1218 1143 1305 1192; x_wconf 86' lang='lat' dir='ltr'>melum</span> <span class='ocrx_word' id='word_1_84' title='bbox 1318 1143 1356 1194; x_wconf 87' lang='lat' dir='ltr'>eit.</span> <span class='ocrx_word' id='word_1_85' title='bbox 1390 1145 1461 1196; x_wconf 75' lang='lat' dir='ltr'>Forte</span> 
     </span>
     <span class='ocr_line' id='line_1_9' title="bbox 357 1221 1458 1292; baseline 0.007 -24"><span class='ocrx_word' id='word_1_86' title='bbox 357 1221 428 1285; x_wconf 77' lang='lat' dir='ltr'>igitur</span> <span class='ocrx_word' id='word_1_87' title='bbox 439 1221 495 1271; x_wconf 78' lang='lat' dir='ltr'>clii</span> <span class='ocrx_word' id='word_1_88' title='bbox 507 1229 579 1285; x_wconf 86' lang='lat' dir='ltr'>etque</span> <span class='ocrx_word' id='word_1_89' title='bbox 586 1221 721 1274; x_wconf 77' lang='lat' dir='ltr'>Simoniden</span> <span class='ocrx_word' id='word_1_90' title='bbox 732 1223 809 1288; x_wconf 85' lang='lat' dir='ltr'>iprum</span> <span class='ocrx_word' id='word_1_91' title='bbox 821 1221 927 1280; x_wconf 80' lang='lat' dir='ltr'>difficile,</span> <span class='ocrx_word' id='word_1_92' title='bbox 937 1221 974 1272; x_wconf 87' lang='lat' dir='ltr'>rel</span> <span class='ocrx_word' id='word_1_93' title='bbox 986 1229 1013 1270; x_wconf 88' lang='lat' dir='ltr'>ot</span> <span class='ocrx_word' id='word_1_94' title='bbox 1023 1221 1111 1270; x_wconf 86' lang='lat' dir='ltr'>melum</span> <span class='ocrx_word' id='word_1_95' title='bbox 1122 1222 1254 1288; x_wconf 87' lang='lat' dir='ltr'>eucipiuut,</span> <span class='ocrx_word' id='word_1_96' title='bbox 1266 1225 1303 1274; x_wconf 87' lang='lat' dir='ltr'>rel</span> <span class='ocrx_word' id='word_1_97' title='bbox 1315 1225 1382 1274; x_wconf 90' lang='lat' dir='ltr'>eliud</span> <span class='ocrx_word' id='word_1_98' title='bbox 1394 1228 1458 1292; x_wconf 89' lang='lat' dir='ltr'>qnod</span> 
     </span>
     <span class='ocr_line' id='line_1_10' title="bbox 358 1302 1460 1374; baseline 0.006 -24"><span class='ocrx_word' id='word_1_99' title='bbox 358 1309 383 1350; x_wconf 90' lang='lat' dir='ltr'>tu</span> <span class='ocrx_word' id='word_1_100' title='bbox 393 1302 470 1352; x_wconf 84' lang='lat' dir='ltr'>minue</span> <span class='ocrx_word' id='word_1_101' title='bbox 478 1303 600 1368; x_wconf 73' lang='lat' dir='ltr'>intelligis.</span> <span class='ocrx_word' id='word_1_102' title='bbox 632 1303 695 1368; x_wconf 76' lang='lat' dir='ltr'>Ergo</span> <span class='ocrx_word' id='word_1_103' title='bbox 707 1320 722 1353; x_wconf 91' lang='lat' dir='ltr'>e</span> <span class='ocrx_word' id='word_1_104' title='bbox 732 1303 835 1353; x_wconf 83' lang='lat' dir='ltr'>Prodico</span> <span class='ocrx_word' id='word_1_105' title='bbox 846 1303 993 1354; x_wconf 70' lang='lat' dir='ltr'>sciscitemur</span> <span class='ocrx_word' id='word_1_106' title='bbox 1005 1319 1013 1352; x_wconf 75' lang='grc' dir='ltr'><strong>ι</strong></span> <span class='ocrx_word' id='word_1_107' title='bbox 1029 1303 1113 1369; x_wconf 83' lang='lat' dir='ltr'>(decet</span> <span class='ocrx_word' id='word_1_108' title='bbox 1122 1304 1187 1354; x_wconf 84' lang='lat' dir='ltr'>euim</span> <span class='ocrx_word' id='word_1_109' title='bbox 1199 1305 1230 1354; x_wconf 89' lang='lat' dir='ltr'>de</span> <span class='ocrx_word' id='word_1_110' title='bbox 1245 1305 1376 1356; x_wconf 85' lang='lat' dir='ltr'>Simonidie</span> <span class='ocrx_word' id='word_1_111' title='bbox 1386 1309 1460 1374; x_wconf 77' lang='lat' dir='ltr'>errip</span> 
     </span>
     <span class='ocr_line' id='line_1_11' title="bbox 301 1383 1459 1451; baseline 0.005 -20"><span class='ocrx_word' id='word_1_112' title='bbox 301 1409 303 1412; x_wconf 96' lang='lat'>·</span> <span class='ocrx_word' id='word_1_113' title='bbox 357 1384 461 1434; x_wconf 80' lang='lat' dir='ltr'>mione</span> <span class='ocrx_word' id='word_1_114' title='bbox 474 1385 572 1434; x_wconf 85' lang='lat' dir='ltr'>merime</span> <span class='ocrx_word' id='word_1_115' title='bbox 585 1384 717 1450; x_wconf 86' lang='lat' dir='ltr'>perconteri</span> <span class='ocrx_word' id='word_1_116' title='bbox 727 1385 746 1450; x_wconf 85' lang='lat'>:)</span> <span class='ocrx_word' id='word_1_117' title='bbox 763 1385 895 1444; x_wconf 86' lang='lat' dir='ltr'>Quidnem,</span> <span class='ocrx_word' id='word_1_118' title='bbox 911 1399 926 1432; x_wconf 91' lang='lat' dir='ltr'>o</span> <span class='ocrx_word' id='word_1_119' title='bbox 945 1384 1057 1448; x_wconf 84' lang='lat' dir='ltr'>Prodlce,</span> <span class='ocrx_word' id='word_1_120' title='bbox 1074 1383 1211 1434; x_wconf 79' lang='lat' dir='ltr'>Simoniden</span> <span class='ocrx_word' id='word_1_121' title='bbox 1228 1385 1281 1451; x_wconf 87' lang='lat' dir='ltr'>ipen</span> <span class='ocrx_word' id='word_1_122' title='bbox 1296 1387 1401 1438; x_wconf 80' lang='lat' dir='ltr'>difficilie</span> <span class='ocrx_word' id='word_1_123' title='bbox 1417 1405 1459 1437; x_wconf 90' lang='lat' dir='ltr'>no-</span> 
     </span>
     <span class='ocr_line' id='line_1_12' title="bbox 358 1465 1461 1532; baseline 0.006 -20"><span class='ocrx_word' id='word_1_124' title='bbox 358 1465 421 1514; x_wconf 88' lang='lat' dir='ltr'>mine</span> <span class='ocrx_word' id='word_1_125' title='bbox 440 1466 585 1532; x_wconf 75' lang='lat' dir='ltr'>mbintelligl</span> <span class='ocrx_word' id='word_1_126' title='bbox 605 1466 695 1516; x_wconf 80' lang='lat' dir='ltr'>voluit?</span> <span class='ocrx_word' id='word_1_127' title='bbox 728 1465 812 1518; x_wconf 83' lang='lat' dir='ltr'>Peon.</span> <span class='ocrx_word' id='word_1_128' title='bbox 836 1465 930 1516; x_wconf 80' lang='lat' dir='ltr'>Melum</span> <span class='ocrx_word' id='word_1_129' title='bbox 955 1467 1071 1530; x_wconf 87' lang='lat' dir='ltr'>proiecto.</span> <span class='ocrx_word' id='word_1_130' title='bbox 1103 1467 1145 1517; x_wconf 87' lang='lat' dir='ltr'>So.</span> <span class='ocrx_word' id='word_1_131' title='bbox 1169 1467 1209 1516; x_wconf 87' lang='lat' dir='ltr'>Ob</span> <span class='ocrx_word' id='word_1_132' title='bbox 1231 1469 1287 1526; x_wconf 85' lang='lat' dir='ltr'>hoc,</span> <span class='ocrx_word' id='word_1_133' title='bbox 1307 1477 1336 1516; x_wconf 93' lang='lat' dir='ltr'>ut</span> <span class='ocrx_word' id='word_1_134' title='bbox 1355 1470 1461 1527; x_wconf 87' lang='lat' dir='ltr'>erbitrur.</span> 
     </span>
     <span class='ocr_line' id='line_1_13' title="bbox 357 1547 1459 1612; baseline 0.005 -15"><span class='ocrx_word' id='word_1_135' title='bbox 357 1547 468 1607; x_wconf 83' lang='lat' dir='ltr'>Prodice,</span> <span class='ocrx_word' id='word_1_136' title='bbox 490 1549 610 1598; x_wconf 86' lang='lat' dir='ltr'>Pittecum</span> <span class='ocrx_word' id='word_1_137' title='bbox 628 1549 787 1612; x_wconf 77' lang='lat' dir='ltr'>reprehendit,</span> <span class='ocrx_word' id='word_1_138' title='bbox 806 1549 937 1612; x_wconf 77' lang='lat' dir='ltr'>dimotum,</span> <span class='ocrx_word' id='word_1_139' title='bbox 953 1547 1050 1600; x_wconf 77' lang='lat' dir='ltr'>difficile</span> <span class='ocrx_word' id='word_1_140' title='bbox 1067 1563 1119 1598; x_wconf 81' lang='lat' dir='ltr'>eree</span> <span class='ocrx_word' id='word_1_141' title='bbox 1138 1550 1226 1598; x_wconf 85' lang='lat' dir='ltr'>bonum</span> <span class='ocrx_word' id='word_1_142' title='bbox 1247 1565 1360 1600; x_wconf 78' lang='lat' dir='ltr'>euenere:</span> <span class='ocrx_word' id='word_1_143' title='bbox 1388 1567 1417 1602; x_wconf 88' lang='lat' dir='ltr'>ec</span> <span class='ocrx_word' id='word_1_144' title='bbox 1439 1553 1459 1602; x_wconf 87' lang='lat' dir='ltr'>ei</span> 
     </span>
     <span class='ocr_line' id='line_1_14' title="bbox 357 1629 1458 1696; baseline 0.004 -17"><span class='ocrx_word' id='word_1_145' title='bbox 357 1631 465 1694; x_wconf 79' lang='lat' dir='ltr'>dirimet,</span> <span class='ocrx_word' id='word_1_146' title='bbox 476 1632 561 1680; x_wconf 86' lang='lat' dir='ltr'>melum</span> <span class='ocrx_word' id='word_1_147' title='bbox 573 1647 624 1680; x_wconf 81' lang='lat' dir='ltr'>erre</span> <span class='ocrx_word' id='word_1_148' title='bbox 634 1647 727 1680; x_wconf 85' lang='lat' dir='ltr'>menete</span> <span class='ocrx_word' id='word_1_149' title='bbox 738 1633 835 1682; x_wconf 86' lang='lat' dir='ltr'>bonnm.</span> <span class='ocrx_word' id='word_1_150' title='bbox 868 1631 954 1681; x_wconf 87' lang='lat' dir='ltr'>Peon.</span> <span class='ocrx_word' id='word_1_151' title='bbox 970 1629 1003 1679; x_wconf 84' lang='lat' dir='ltr'>Et</span> <span class='ocrx_word' id='word_1_152' title='bbox 1012 1631 1070 1696; x_wconf 85' lang='lat' dir='ltr'>quid</span> <span class='ocrx_word' id='word_1_153' title='bbox 1081 1631 1147 1682; x_wconf 89' lang='lat' dir='ltr'>eliud</span> <span class='ocrx_word' id='word_1_154' title='bbox 1163 1639 1241 1696; x_wconf 72' lang='lat' dir='ltr'>putu,</span> <span class='ocrx_word' id='word_1_155' title='bbox 1258 1648 1274 1681; x_wconf 93' lang='lat' dir='ltr'>o</span> <span class='ocrx_word' id='word_1_156' title='bbox 1284 1632 1404 1692; x_wconf 86' lang='lat' dir='ltr'>Socretee,</span> <span class='ocrx_word' id='word_1_157' title='bbox 1415 1633 1458 1683; x_wconf 76' lang='lat' dir='ltr'>n‘bi</span> 
     </span>
     <span class='ocr_line' id='line_1_15' title="bbox 357 1711 1460 1780; baseline 0.006 -22"><span class='ocrx_word' id='word_1_158' title='bbox 357 1711 461 1761; x_wconf 81' lang='lat' dir='ltr'>voluieee</span> <span class='ocrx_word' id='word_1_159' title='bbox 478 1712 634 1774; x_wconf 87' lang='lat' dir='ltr'>Simonidem,</span> <span class='ocrx_word' id='word_1_160' title='bbox 652 1728 723 1778; x_wconf 86' lang='lat' dir='ltr'>quem</span> <span class='ocrx_word' id='word_1_161' title='bbox 736 1713 868 1778; x_wconf 75' lang='lat' dir='ltr'>uituperare</span> <span class='ocrx_word' id='word_1_162' title='bbox 884 1711 1013 1771; x_wconf 84' lang='lat' dir='ltr'>Pitteemn,</span> <span class='ocrx_word' id='word_1_163' title='bbox 1033 1713 1099 1777; x_wconf 92' lang='lat' dir='ltr'>quod</span> <span class='ocrx_word' id='word_1_164' title='bbox 1118 1713 1215 1763; x_wconf 87' lang='lat' dir='ltr'>nomine</span> <span class='ocrx_word' id='word_1_165' title='bbox 1232 1721 1295 1764; x_wconf 88' lang='lat' dir='ltr'>recte</span> <span class='ocrx_word' id='word_1_166' title='bbox 1315 1715 1460 1780; x_wconf 71' lang='lat' dir='ltr'>distinguere</span> 
     </span>
     <span class='ocr_line' id='line_1_16' title="bbox 360 1793 1460 1859; baseline 0.005 -19"><span class='ocrx_word' id='word_1_167' title='bbox 360 1794 498 1853; x_wconf 61' lang='lat' dir='ltr'>nesciebet:</span> <span class='ocrx_word' id='word_1_168' title='bbox 510 1803 594 1859; x_wconf 87' lang='lat' dir='ltr'>utpote</span> <span class='ocrx_word' id='word_1_169' title='bbox 604 1795 647 1859; x_wconf 90' lang='lat' dir='ltr'>qui</span> <span class='ocrx_word' id='word_1_170' title='bbox 659 1794 756 1843; x_wconf 78' lang='lat' dir='ltr'>leebiur</span> <span class='ocrx_word' id='word_1_171' title='bbox 767 1801 826 1851; x_wconf 86' lang='lat' dir='ltr'>eret,</span> <span class='ocrx_word' id='word_1_172' title='bbox 836 1801 861 1843; x_wconf 90' lang='lat' dir='ltr'>et</span> <span class='ocrx_word' id='word_1_173' title='bbox 880 1795 906 1843; x_wconf 91' lang='lat' dir='ltr'>in</span> <span class='ocrx_word' id='word_1_174' title='bbox 915 1809 973 1844; x_wconf 77' lang='lat' dir='ltr'>voce</span> <span class='ocrx_word' id='word_1_175' title='bbox 986 1793 1105 1844; x_wconf 84' lang='lat' dir='ltr'>berberice</span> <span class='ocrx_word' id='word_1_176' title='bbox 1115 1795 1249 1844; x_wconf 79' lang='lat' dir='ltr'>educetur?</span> <span class='ocrx_word' id='word_1_177' title='bbox 1282 1795 1326 1844; x_wconf 80' lang='lat' dir='ltr'>So.</span> <span class='ocrx_word' id='word_1_178' title='bbox 1342 1795 1430 1856; x_wconf 77' lang='lat' dir='ltr'>Audin,</span> <span class='ocrx_word' id='word_1_179' title='bbox 1446 1813 1460 1846; x_wconf 92' lang='lat' dir='ltr'>u</span> 
     </span>
     <span class='ocr_line' id='line_1_17' title="bbox 359 1875 1461 1939; baseline 0.002 -15"><span class='ocrx_word' id='word_1_180' title='bbox 359 1875 497 1939; x_wconf 72' lang='lat' dir='ltr'>Protegorn,</span> <span class='ocrx_word' id='word_1_181' title='bbox 509 1891 562 1939; x_wconf 80' lang='lat' dir='ltr'>que</span> <span class='ocrx_word' id='word_1_182' title='bbox 574 1875 689 1926; x_wconf 78' lang='lat' dir='ltr'>Prodicus</span> <span class='ocrx_word' id='word_1_183' title='bbox 700 1875 744 1924; x_wconf 87' lang='lat' dir='ltr'>iete</span> <span class='ocrx_word' id='word_1_184' title='bbox 754 1875 832 1925; x_wconf 84' lang='lat' dir='ltr'>dicit?</span> <span class='ocrx_word' id='word_1_185' title='bbox 866 1875 933 1934; x_wconf 87' lang='lat' dir='ltr'>Quid</span> <span class='ocrx_word' id='word_1_186' title='bbox 944 1876 975 1924; x_wconf 87' lang='lat' dir='ltr'>ed</span> <span class='ocrx_word' id='word_1_187' title='bbox 985 1876 1055 1925; x_wconf 76' lang='lat' dir='ltr'>lieo?</span> <span class='ocrx_word' id='word_1_188' title='bbox 1089 1875 1173 1926; x_wconf 80' lang='lat' dir='ltr'>Peon.</span> <span class='ocrx_word' id='word_1_189' title='bbox 1190 1876 1335 1927; x_wconf 77' lang='lat' dir='ltr'><strong>Permultum</strong></span> <span class='ocrx_word' id='word_1_190' title='bbox 1346 1878 1424 1936; x_wconf 83' lang='lat' dir='ltr'>ebert,</span> <span class='ocrx_word' id='word_1_191' title='bbox 1435 1887 1461 1926; x_wconf 89' lang='lat' dir='ltr'>ut</span> 
     </span>
     <span class='ocr_line' id='line_1_18' title="bbox 358 1956 1463 2022; baseline 0 -16"><span class='ocrx_word' id='word_1_192' title='bbox 358 1957 391 2006; x_wconf 83' lang='lat' dir='ltr'>ite</span> <span class='ocrx_word' id='word_1_193' title='bbox 403 1956 564 2014; x_wconf 79' lang='lat' dir='ltr'>eit,Prodice.</span> <span class='ocrx_word' id='word_1_194' title='bbox 581 1965 644 2007; x_wconf 87' lang='lat' dir='ltr'>certe</span> <span class='ocrx_word' id='word_1_195' title='bbox 662 1956 772 2022; x_wconf 79' lang='lat' dir='ltr'>equidem</span> <span class='ocrx_word' id='word_1_196' title='bbox 791 1957 850 2015; x_wconf 89' lang='lat' dir='ltr'>ecio,</span> <span class='ocrx_word' id='word_1_197' title='bbox 868 1957 1014 2006; x_wconf 83' lang='lat' dir='ltr'>Simonidem</span> <span class='ocrx_word' id='word_1_198' title='bbox 1033 1957 1248 2019; x_wconf 85' lang='lat' dir='ltr'>difficilienomlne,</span> <span class='ocrx_word' id='word_1_199' title='bbox 1267 1957 1291 2006; x_wconf 81' lang='lat' dir='ltr'>id</span> <span class='ocrx_word' id='word_1_200' title='bbox 1308 1959 1373 2022; x_wconf 89' lang='lat' dir='ltr'>quod</span> <span class='ocrx_word' id='word_1_201' title='bbox 1386 1959 1463 2008; x_wconf 88' lang='lat' dir='ltr'>etelii</span> 
     </span>
     <span class='ocr_line' id='line_1_19' title="bbox 359 2037 1462 2103; baseline 0 -15"><span class='ocrx_word' id='word_1_202' title='bbox 359 2039 446 2103; x_wconf 80' lang='lat' dir='ltr'>nolent,</span> <span class='ocrx_word' id='word_1_203' title='bbox 454 2038 587 2103; x_wconf 73' lang='lat' dir='ltr'>eignilicere</span> <span class='ocrx_word' id='word_1_204' title='bbox 597 2038 709 2100; x_wconf 76' lang='lat' dir='ltr'>voluitne,</span> <span class='ocrx_word' id='word_1_205' title='bbox 719 2055 767 2086; x_wconf 90' lang='lat' dir='ltr'>nou</span> <span class='ocrx_word' id='word_1_206' title='bbox 779 2039 877 2103; x_wconf 87' lang='lat' dir='ltr'>melum,</span> <span class='ocrx_word' id='word_1_207' title='bbox 887 2038 960 2086; x_wconf 88' lang='lat' dir='ltr'>immo</span> <span class='ocrx_word' id='word_1_208' title='bbox 968 2037 1033 2103; x_wconf 88' lang='lat' dir='ltr'>quod</span> <span class='ocrx_word' id='word_1_209' title='bbox 1044 2053 1093 2086; x_wconf 88' lang='lat' dir='ltr'>nun</span> <span class='ocrx_word' id='word_1_210' title='bbox 1104 2039 1183 2096; x_wconf 86' lang='lat' dir='ltr'>iecile,</span> <span class='ocrx_word' id='word_1_211' title='bbox 1192 2040 1234 2088; x_wconf 88' lang='lat' dir='ltr'>ted</span> <span class='ocrx_word' id='word_1_212' title='bbox 1245 2038 1321 2086; x_wconf 88' lang='lat' dir='ltr'>multir</span> <span class='ocrx_word' id='word_1_213' title='bbox 1330 2055 1385 2088; x_wconf 87' lang='lat' dir='ltr'>curn</span> <span class='ocrx_word' id='word_1_214' title='bbox 1394 2039 1462 2088; x_wconf 87' lang='lat' dir='ltr'>lebo-</span> 
     </span>
     <span class='ocr_line' id='line_1_20' title="bbox 359 2119 1463 2186; baseline 0.001 -18"><span class='ocrx_word' id='word_1_215' title='bbox 359 2121 424 2168; x_wconf 83' lang='lat' dir='ltr'>ribot</span> <span class='ocrx_word' id='word_1_216' title='bbox 433 2129 589 2185; x_wconf 86' lang='lat' dir='ltr'>comprmtor.</span> <span class='ocrx_word' id='word_1_217' title='bbox 622 2121 665 2170; x_wconf 89' lang='lat' dir='ltr'>So.</span> <span class='ocrx_word' id='word_1_218' title='bbox 684 2120 735 2182; x_wconf 75' lang='lat' dir='ltr'>Ego</span> <span class='ocrx_word' id='word_1_219' title='bbox 746 2122 803 2168; x_wconf 90' lang='lat' dir='ltr'>item</span> <span class='ocrx_word' id='word_1_220' title='bbox 820 2121 866 2168; x_wconf 87' lang='lat' dir='ltr'>hoc</span> <span class='ocrx_word' id='word_1_221' title='bbox 879 2119 984 2168; x_wconf 87' lang='lat' dir='ltr'>ruiuiree</span> <span class='ocrx_word' id='word_1_222' title='bbox 1000 2119 1147 2168; x_wconf 80' lang='lat' dir='ltr'>Simonidem</span> <span class='ocrx_word' id='word_1_223' title='bbox 1164 2119 1270 2178; x_wconf 86' lang='lat' dir='ltr'>erbitror,</span> <span class='ocrx_word' id='word_1_224' title='bbox 1289 2137 1303 2168; x_wconf 96' lang='lat' dir='ltr'>o</span> <span class='ocrx_word' id='word_1_225' title='bbox 1322 2119 1463 2186; x_wconf 77' lang='lat' dir='ltr'>Protegore,</span> 
     </span>
     <span class='ocr_line' id='line_1_21' title="bbox 360 2201 1462 2267; baseline 0.001 -17"><span class='ocrx_word' id='word_1_226' title='bbox 360 2201 471 2267; x_wconf 83' lang='lat' dir='ltr'>idemque</span> <span class='ocrx_word' id='word_1_227' title='bbox 483 2201 609 2250; x_wconf 86' lang='lat' dir='ltr'>Prodicum</span> <span class='ocrx_word' id='word_1_228' title='bbox 622 2201 771 2265; x_wconf 79' lang='lat' dir='ltr'>intelligere:</span> <span class='ocrx_word' id='word_1_229' title='bbox 790 2201 831 2249; x_wconf 87' lang='lat' dir='ltr'>red</span> <span class='ocrx_word' id='word_1_230' title='bbox 841 2201 918 2265; x_wconf 89' lang='lat' dir='ltr'>jocerl</span> <span class='ocrx_word' id='word_1_231' title='bbox 931 2209 1020 2260; x_wconf 73' lang='lat' dir='ltr'>tecurm</span> <span class='ocrx_word' id='word_1_232' title='bbox 1032 2207 1169 2266; x_wconf 82' lang='lat' dir='ltr'>tentmeque</span> <span class='ocrx_word' id='word_1_233' title='bbox 1181 2209 1214 2258; x_wconf 91' lang='lat' dir='ltr'>te,</span> <span class='ocrx_word' id='word_1_234' title='bbox 1220 2209 1297 2250; x_wconf 89' lang='lat' dir='ltr'>utrum</span> <span class='ocrx_word' id='word_1_235' title='bbox 1308 2203 1410 2251; x_wconf 87' lang='lat' dir='ltr'>errmoni</span> <span class='ocrx_word' id='word_1_236' title='bbox 1420 2209 1462 2252; x_wconf 90' lang='lat' dir='ltr'>tuo</span> 
     </span>
     <span class='ocr_line' id='line_1_22' title="bbox 360 2281 1462 2348; baseline 0 -18"><span class='ocrx_word' id='word_1_237' title='bbox 360 2284 440 2330; x_wconf 87' lang='lat' dir='ltr'>reloee</span> <span class='ocrx_word' id='word_1_238' title='bbox 459 2283 590 2346; x_wconf 73' lang='lat' dir='ltr'>rull&#39;mgeri.</span> <span class='ocrx_word' id='word_1_239' title='bbox 624 2282 696 2341; x_wconf 88' lang='lat' dir='ltr'>Quod</span> <span class='ocrx_word' id='word_1_240' title='bbox 709 2283 772 2330; x_wconf 85' lang='lat' dir='ltr'>enirn</span> <span class='ocrx_word' id='word_1_241' title='bbox 783 2281 918 2332; x_wconf 77' lang='lat' dir='ltr'>Simoniden</span> <span class='ocrx_word' id='word_1_242' title='bbox 929 2281 1026 2332; x_wconf 79' lang='lat' dir='ltr'>difficile</span> <span class='ocrx_word' id='word_1_243' title='bbox 1037 2297 1084 2331; x_wconf 92' lang='lat' dir='ltr'>non</span> <span class='ocrx_word' id='word_1_244' title='bbox 1098 2283 1184 2331; x_wconf 86' lang='lat' dir='ltr'>melum</span> <span class='ocrx_word' id='word_1_245' title='bbox 1200 2283 1299 2347; x_wconf 72' lang='lat' dir='ltr'>intelligi</span> <span class='ocrx_word' id='word_1_246' title='bbox 1310 2283 1375 2342; x_wconf 78' lang='lat' dir='ltr'>velit,</span> <span class='ocrx_word' id='word_1_247' title='bbox 1394 2299 1462 2348; x_wconf 80' lang='lat' dir='ltr'>ergu-</span> 
     </span>
     <span class='ocr_line' id='line_1_23' title="bbox 361 2363 1461 2429; baseline 0.002 -17"><span class='ocrx_word' id='word_1_248' title='bbox 361 2373 441 2412; x_wconf 88' lang='lat' dir='ltr'>mento</span> <span class='ocrx_word' id='word_1_249' title='bbox 453 2373 573 2429; x_wconf 74' lang='lat' dir='ltr'>euntque</span> <span class='ocrx_word' id='word_1_250' title='bbox 582 2373 719 2428; x_wconf 73' lang='lat' dir='ltr'>sequuntur.</span> <span class='ocrx_word' id='word_1_251' title='bbox 736 2363 859 2428; x_wconf 77' lang='lat' dir='ltr'>subjungit</span> <span class='ocrx_word' id='word_1_252' title='bbox 870 2363 942 2420; x_wconf 89' lang='lat' dir='ltr'>euim,</span> <span class='ocrx_word' id='word_1_253' title='bbox 960 2365 1025 2428; x_wconf 91' lang='lat' dir='ltr'>quod</span> <span class='ocrx_word' id='word_1_254' title='bbox 1044 2363 1108 2412; x_wconf 88' lang='lat' dir='ltr'>eolue</span> <span class='ocrx_word' id='word_1_255' title='bbox 1127 2363 1197 2413; x_wconf 87' lang='lat' dir='ltr'>Deue</span> <span class='ocrx_word' id='word_1_256' title='bbox 1208 2366 1253 2414; x_wconf 84' lang='lat' dir='ltr'>lroe</span> <span class='ocrx_word' id='word_1_257' title='bbox 1264 2379 1360 2413; x_wconf 86' lang='lat' dir='ltr'>munere</span> <span class='ocrx_word' id='word_1_258' title='bbox 1371 2363 1461 2414; x_wconf 85' lang='lat' dir='ltr'>iruitur.</span> 
     </span>
     <span class='ocr_line' id='line_1_24' title="bbox 360 2443 1460 2510; baseline 0.002 -18"><span class='ocrx_word' id='word_1_259' title='bbox 360 2443 448 2509; x_wconf 78' lang='lat' dir='ltr'>lleqnc</span> <span class='ocrx_word' id='word_1_260' title='bbox 460 2445 544 2508; x_wconf 50' lang='lat' dir='ltr'>remssei</span> <span class='ocrx_word' id='word_1_261' title='bbox 556 2444 626 2494; x_wconf 90' lang='lat' dir='ltr'>rellet</span> <span class='ocrx_word' id='word_1_262' title='bbox 635 2444 721 2492; x_wconf 87' lang='lat' dir='ltr'>melum</span> <span class='ocrx_word' id='word_1_263' title='bbox 732 2460 783 2494; x_wconf 86' lang='lat' dir='ltr'>eree</span> <span class='ocrx_word' id='word_1_264' title='bbox 794 2445 882 2493; x_wconf 87' lang='lat' dir='ltr'>bouem</span> <span class='ocrx_word' id='word_1_265' title='bbox 892 2459 1048 2510; x_wconf 70' lang='lat' dir='ltr'>pertertare,</span> <span class='ocrx_word' id='word_1_266' title='bbox 1068 2444 1140 2510; x_wconf 89' lang='lat' dir='ltr'>peulo</span> <span class='ocrx_word' id='word_1_267' title='bbox 1151 2451 1206 2510; x_wconf 89' lang='lat' dir='ltr'>poet</span> <span class='ocrx_word' id='word_1_268' title='bbox 1216 2443 1367 2510; x_wconf 77' lang='lat' dir='ltr'>edjungeret,</span> <span class='ocrx_word' id='word_1_269' title='bbox 1386 2447 1460 2495; x_wconf 88' lang='lat' dir='ltr'>rolurn</span> 
     </span>
     <span class='ocr_line' id='line_1_25' title="bbox 361 2523 1461 2592; baseline 0.005 -19"><span class='ocrx_word' id='word_1_270' title='bbox 361 2523 441 2574; x_wconf 90' lang='lat' dir='ltr'>Deum</span> <span class='ocrx_word' id='word_1_271' title='bbox 456 2525 527 2590; x_wconf 77' lang='lat' dir='ltr'>hujus</span> <span class='ocrx_word' id='word_1_272' title='bbox 535 2535 668 2590; x_wconf 89' lang='lat' dir='ltr'>compotem</span> <span class='ocrx_word' id='word_1_273' title='bbox 679 2541 739 2583; x_wconf 83' lang='lat' dir='ltr'>erte,</span> <span class='ocrx_word' id='word_1_274' title='bbox 756 2525 858 2592; x_wconf 86' lang='lat' dir='ltr'>Dcoque</span> <span class='ocrx_word' id='word_1_275' title='bbox 869 2526 913 2574; x_wconf 89' lang='lat' dir='ltr'>eoli</span> <span class='ocrx_word' id='word_1_276' title='bbox 924 2541 1009 2575; x_wconf 83' lang='lat' dir='ltr'>monne</span> <span class='ocrx_word' id='word_1_277' title='bbox 1020 2525 1044 2574; x_wconf 91' lang='lat' dir='ltr'>id</span> <span class='ocrx_word' id='word_1_278' title='bbox 1061 2527 1207 2575; x_wconf 88' lang='lat' dir='ltr'>ettribueret.</span> <span class='ocrx_word' id='word_1_279' title='bbox 1240 2525 1381 2576; x_wconf 84' lang='lat' dir='ltr'>dieeuiutum</span> <span class='ocrx_word' id='word_1_280' title='bbox 1390 2527 1461 2592; x_wconf 88' lang='lat' dir='ltr'>plene</span> 
     </span>
     <span class='ocr_line' id='line_1_26' title="bbox 360 2606 1461 2664; baseline 0.004 -10"><span class='ocrx_word' id='word_1_281' title='bbox 360 2606 488 2664; x_wconf 85' lang='lat' dir='ltr'>hominem,</span> <span class='ocrx_word' id='word_1_282' title='bbox 502 2623 547 2657; x_wconf 85' lang='lat' dir='ltr'>nec</span> <span class='ocrx_word' id='word_1_283' title='bbox 566 2607 695 2658; x_wconf 83' lang='lat' dir='ltr'>ullomodo</span> <span class='ocrx_word' id='word_1_284' title='bbox 713 2607 799 2658; x_wconf 85' lang='lat' dir='ltr'>Chium</span> <span class='ocrx_word' id='word_1_285' title='bbox 811 2606 1145 2658; x_wconf 84' lang='lat' dir='ltr'>Prodicueltediceretiniree</span> <span class='ocrx_word' id='word_1_286' title='bbox 1161 2607 1316 2659; x_wconf 81' lang='lat' dir='ltr'>Simonidem.</span> <span class='ocrx_word' id='word_1_287' title='bbox 1349 2609 1461 2658; x_wconf 80' lang='lat' dir='ltr'>Ceterum</span> 
     </span>
     <span class='ocr_line' id='line_1_27' title="bbox 360 2689 1462 2756; baseline 0.005 -20"><span class='ocrx_word' id='word_1_288' title='bbox 360 2689 418 2753; x_wconf 91' lang='lat' dir='ltr'>quid</span> <span class='ocrx_word' id='word_1_289' title='bbox 431 2689 526 2738; x_wconf 82' lang='lat' dir='ltr'>tendum</span> <span class='ocrx_word' id='word_1_290' title='bbox 538 2689 638 2738; x_wconf 85' lang='lat' dir='ltr'>ueueieee</span> <span class='ocrx_word' id='word_1_291' title='bbox 649 2689 672 2738; x_wconf 90' lang='lat' dir='ltr'>in</span> <span class='ocrx_word' id='word_1_292' title='bbox 684 2689 870 2739; x_wconf 86' lang='lat' dir='ltr'>hircerminibue</span> <span class='ocrx_word' id='word_1_293' title='bbox 879 2689 1025 2738; x_wconf 85' lang='lat' dir='ltr'>Simonidem</span> <span class='ocrx_word' id='word_1_294' title='bbox 1036 2689 1131 2747; x_wconf 70' lang='lat' dir='ltr'>duum,</span> <span class='ocrx_word' id='word_1_295' title='bbox 1142 2689 1208 2739; x_wconf 86' lang='lat' dir='ltr'>robir</span> <span class='ocrx_word' id='word_1_296' title='bbox 1219 2689 1331 2754; x_wconf 87' lang='lat' dir='ltr'>eperitm,</span> <span class='ocrx_word' id='word_1_297' title='bbox 1350 2690 1426 2756; x_wconf 69' lang='lat'>[⁸4²]</span> <span class='ocrx_word' id='word_1_298' title='bbox 1443 2691 1462 2740; x_wconf 80' lang='lat' dir='ltr'>ti</span> 
     </span>
     <span class='ocr_line' id='line_1_28' title="bbox 361 2769 1462 2837; baseline 0.003 -20"><span class='ocrx_word' id='word_1_299' title='bbox 361 2769 396 2818; x_wconf 81' lang='lat' dir='ltr'>rie</span> <span class='ocrx_word' id='word_1_300' title='bbox 406 2771 437 2820; x_wconf 89' lang='lat' dir='ltr'>de</span> <span class='ocrx_word' id='word_1_301' title='bbox 448 2787 485 2819; x_wconf 89' lang='lat' dir='ltr'>me</span> <span class='ocrx_word' id='word_1_302' title='bbox 497 2771 626 2836; x_wconf 88' lang='lat' dir='ltr'>periculum</span> <span class='ocrx_word' id='word_1_303' title='bbox 645 2771 730 2830; x_wconf 86' lang='lat' dir='ltr'>iecere,</span> <span class='ocrx_word' id='word_1_304' title='bbox 751 2772 949 2837; x_wconf 86' lang='lat' dir='ltr'>quemedmudum</span> <span class='ocrx_word' id='word_1_305' title='bbox 967 2770 1030 2820; x_wconf 84' lang='lat' dir='ltr'>circe</span> <span class='ocrx_word' id='word_1_306' title='bbox 1041 2769 1138 2835; x_wconf 68' lang='lat' dir='ltr'>poetice</span> <span class='ocrx_word' id='word_1_307' title='bbox 1147 2771 1191 2820; x_wconf 88' lang='lat' dir='ltr'>rim</span> <span class='ocrx_word' id='word_1_308' title='bbox 1203 2771 1311 2822; x_wconf 77' lang='lat' dir='ltr'>effectur.</span> <span class='ocrx_word' id='word_1_309' title='bbox 1329 2772 1367 2820; x_wconf 88' lang='lat' dir='ltr'>ein</span> <span class='ocrx_word' id='word_1_310' title='bbox 1382 2781 1462 2820; x_wconf 84' lang='lat' dir='ltr'>eutem</span> 
     </span>
     <span class='ocr_line' id='line_1_29' title="bbox 360 2851 1462 2917; baseline 0.001 -18"><span class='ocrx_word' id='word_1_311' title='bbox 360 2853 406 2916; x_wconf 86' lang='lat' dir='ltr'>rie,</span> <span class='ocrx_word' id='word_1_312' title='bbox 416 2859 439 2900; x_wconf 95' lang='lat' dir='ltr'>te</span> <span class='ocrx_word' id='word_1_313' title='bbox 447 2853 551 2902; x_wconf 88' lang='lat' dir='ltr'>endiem.</span> <span class='ocrx_word' id='word_1_314' title='bbox 586 2851 726 2917; x_wconf 80' lang='lat' dir='ltr'>Protegoree</span> <span class='ocrx_word' id='word_1_315' title='bbox 734 2869 788 2902; x_wconf 87' lang='lat' dir='ltr'>eum</span> <span class='ocrx_word' id='word_1_316' title='bbox 799 2854 851 2902; x_wconf 78' lang='lat' dir='ltr'>linc</span> <span class='ocrx_word' id='word_1_317' title='bbox 861 2852 975 2910; x_wconf 87' lang='lat' dir='ltr'>eudieeet,</span> <span class='ocrx_word' id='word_1_318' title='bbox 991 2851 1026 2901; x_wconf 88' lang='lat' dir='ltr'>Ut</span> <span class='ocrx_word' id='word_1_319' title='bbox 1038 2851 1113 2915; x_wconf 84' lang='lat' dir='ltr'>lubet,</span> <span class='ocrx_word' id='word_1_320' title='bbox 1124 2851 1234 2917; x_wconf 62' lang='lat' dir='ltr'>inquito</span> <span class='ocrx_word' id='word_1_321' title='bbox 1246 2853 1364 2902; x_wconf 69' lang='lat' dir='ltr'>Somnium</span> <span class='ocrx_word' id='word_1_322' title='bbox 1382 2861 1462 2902; x_wconf 81' lang='lat' dir='ltr'>vetum</span> 
     </span>
     <span class='ocr_line' id='line_1_30' title="bbox 360 2932 1462 2999; baseline 0 -17"><span class='ocrx_word' id='word_1_323' title='bbox 360 2932 476 2983; x_wconf 84' lang='lat' dir='ltr'>Prodieue</span> <span class='ocrx_word' id='word_1_324' title='bbox 492 2933 642 2998; x_wconf 85' lang='lat' dir='ltr'>etllippier,</span> <span class='ocrx_word' id='word_1_325' title='bbox 661 2933 750 2998; x_wconf 86' lang='lat' dir='ltr'>eliique</span> <span class='ocrx_word' id='word_1_326' title='bbox 768 2949 850 2982; x_wconf 75' lang='lat' dir='ltr'>omnes</span> <span class='ocrx_word' id='word_1_327' title='bbox 861 2949 929 2998; x_wconf 76' lang='lat' dir='ltr'>egere</span> <span class='ocrx_word' id='word_1_328' title='bbox 949 2935 1038 2983; x_wconf 83' lang='lat' dir='ltr'>meite</span> <span class='ocrx_word' id='word_1_329' title='bbox 1054 2932 1184 2998; x_wconf 78' lang='lat' dir='ltr'>jneremut.</span> <span class='ocrx_word' id='word_1_330' title='bbox 1217 2933 1338 2990; x_wconf 71' lang='lat' dir='ltr'>Coroebum</span> <span class='ocrx_word' id='word_1_331' title='bbox 1355 2934 1462 2999; x_wconf 77' lang='lat' dir='ltr'>inquom,</span> 
     </span>
     <span class='ocr_line' id='line_1_31' title="bbox 360 3013 1465 3080; baseline 0.002 -18"><span class='ocrx_word' id='word_1_332' title='bbox 360 3014 418 3080; x_wconf 88' lang='lat' dir='ltr'>quid</span> <span class='ocrx_word' id='word_1_333' title='bbox 430 3016 461 3064; x_wconf 89' lang='lat' dir='ltr'>de</span> <span class='ocrx_word' id='word_1_334' title='bbox 469 3014 506 3064; x_wconf 86' lang='lat' dir='ltr'>irie</span> <span class='ocrx_word' id='word_1_335' title='bbox 517 3014 657 3063; x_wconf 83' lang='lat' dir='ltr'>cenniuibur</span> <span class='ocrx_word' id='word_1_336' title='bbox 669 3015 778 3078; x_wconf 72' lang='lat' dir='ltr'>mudum,</span> <span class='ocrx_word' id='word_1_337' title='bbox 793 3013 861 3063; x_wconf 84' lang='lat' dir='ltr'>robir</span> <span class='ocrx_word' id='word_1_338' title='bbox 871 3029 997 3079; x_wconf 79' lang='lat' dir='ltr'>exponere.</span> <span class='ocrx_word' id='word_1_339' title='bbox 1031 3013 1230 3080; x_wconf 78' lang='lat' dir='ltr'>Autiqnieeimnm</span> <span class='ocrx_word' id='word_1_340' title='bbox 1248 3015 1314 3080; x_wconf 83' lang='lat' dir='ltr'>opud</span> <span class='ocrx_word' id='word_1_341' title='bbox 1330 3013 1430 3064; x_wconf 67' lang='lat' dir='ltr'>(imur</span> <span class='ocrx_word' id='word_1_342' title='bbox 1440 3023 1465 3064; x_wconf 90' lang='lat' dir='ltr'>et</span> 
     </span>
     <span class='ocr_line' id='line_1_32' title="bbox 360 3096 1465 3164; baseline 0.004 -20"><span class='ocrx_word' id='word_1_343' title='bbox 360 3097 485 3162; x_wconf 88' lang='lat' dir='ltr'>plurimum</span> <span class='ocrx_word' id='word_1_344' title='bbox 497 3096 620 3162; x_wconf 72' lang='lat' dir='ltr'>sepienti·</span> <span class='ocrx_word' id='word_1_345' title='bbox 630 3097 734 3146; x_wconf 86' lang='lat' dir='ltr'>etodium</span> <span class='ocrx_word' id='word_1_346' title='bbox 744 3097 770 3144; x_wconf 90' lang='lat' dir='ltr'>in</span> <span class='ocrx_word' id='word_1_347' title='bbox 781 3097 854 3146; x_wconf 80' lang='lat' dir='ltr'>Crete</span> <span class='ocrx_word' id='word_1_348' title='bbox 863 3105 889 3145; x_wconf 88' lang='lat' dir='ltr'>et</span> <span class='ocrx_word' id='word_1_349' title='bbox 898 3097 1079 3147; x_wconf 85' lang='lat' dir='ltr'>lecedremunie</span> <span class='ocrx_word' id='word_1_350' title='bbox 1093 3098 1329 3163; x_wconf 76' lang='lat' dir='ltr'>exetet,etropl1iet2</span> <span class='ocrx_word' id='word_1_351' title='bbox 1341 3099 1422 3164; x_wconf 79' lang='lat' dir='ltr'>ploret</span> <span class='ocrx_word' id='word_1_352' title='bbox 1431 3099 1465 3148; x_wconf 85' lang='lat' dir='ltr'>ibi</span> 
     </span>
     <span class='ocr_line' id='line_1_33' title="bbox 360 3177 1464 3245; baseline -0.001 -17"><span class='ocrx_word' id='word_1_353' title='bbox 360 3195 432 3244; x_wconf 89' lang='lat' dir='ltr'>quern</span> <span class='ocrx_word' id='word_1_354' title='bbox 443 3177 500 3228; x_wconf 89' lang='lat' dir='ltr'>elibi</span> <span class='ocrx_word' id='word_1_355' title='bbox 514 3194 613 3243; x_wconf 82' lang='lat' dir='ltr'>nequem</span> <span class='ocrx_word' id='word_1_356' title='bbox 624 3178 788 3244; x_wconf 86' lang='lat' dir='ltr'>reperiuntur:</span> <span class='ocrx_word' id='word_1_357' title='bbox 805 3177 955 3228; x_wconf 84' lang='lat' dir='ltr'>dieeimulent</span> <span class='ocrx_word' id='word_1_358' title='bbox 965 3185 1054 3242; x_wconf 86' lang='lat' dir='ltr'>eutem,</span> <span class='ocrx_word' id='word_1_359' title='bbox 1074 3187 1098 3228; x_wconf 89' lang='lat' dir='ltr'>et</span> <span class='ocrx_word' id='word_1_360' title='bbox 1115 3179 1237 3244; x_wconf 81' lang='lat' dir='ltr'>imperitet</span> <span class='ocrx_word' id='word_1_361' title='bbox 1255 3195 1313 3228; x_wconf 53' lang='lat' dir='ltr'>eree*</span> <span class='ocrx_word' id='word_1_362' title='bbox 1322 3197 1348 3229; x_wconf 90' lang='lat' dir='ltr'>ec</span> <span class='ocrx_word' id='word_1_363' title='bbox 1359 3180 1464 3245; x_wconf 79' lang='lat' dir='ltr'>fingunt,</span> 
     </span>
     <span class='ocr_line' id='line_1_34' title="bbox 360 3259 1466 3326; baseline 0.004 -18"><span class='ocrx_word' id='word_1_364' title='bbox 360 3275 392 3312; x_wconf 90' lang='lat' dir='ltr'>ue</span> <span class='ocrx_word' id='word_1_365' title='bbox 411 3269 502 3310; x_wconf 85' lang='lat' dir='ltr'>ceteror</span> <span class='ocrx_word' id='word_1_366' title='bbox 513 3260 611 3310; x_wconf 73' lang='lat' dir='ltr'>Grecos</span> <span class='ocrx_word' id='word_1_367' title='bbox 620 3275 730 3326; x_wconf 78' lang='lat' dir='ltr'>reperere</span> <span class='ocrx_word' id='word_1_368' title='bbox 742 3259 860 3324; x_wconf 78' lang='lat' dir='ltr'>cupientie</span> <span class='ocrx_word' id='word_1_369' title='bbox 870 3260 1096 3325; x_wconf 85' lang='lat' dir='ltr'>deprehendentur:</span> <span class='ocrx_word' id='word_1_370' title='bbox 1113 3259 1200 3326; x_wconf 88' lang='lat' dir='ltr'>(inrter</span> <span class='ocrx_word' id='word_1_371' title='bbox 1209 3277 1298 3318; x_wconf 87' lang='lat' dir='ltr'>eorum,</span> <span class='ocrx_word' id='word_1_372' title='bbox 1308 3263 1368 3325; x_wconf 84' lang='lat' dir='ltr'>quo&#39;r</span> <span class='ocrx_word' id='word_1_373' title='bbox 1379 3261 1466 3311; x_wconf 84' lang='lat' dir='ltr'>Prote·</span> 
     </span>
     <span class='ocr_line' id='line_1_35' title="bbox 361 3339 1464 3409; baseline -0.001 -16"><span class='ocrx_word' id='word_1_374' title='bbox 361 3359 428 3408; x_wconf 75' lang='lat' dir='ltr'>goree</span> <span class='ocrx_word' id='word_1_375' title='bbox 439 3345 558 3409; x_wconf 83' lang='lat' dir='ltr'>eophirter</span> <span class='ocrx_word' id='word_1_376' title='bbox 569 3357 640 3409; x_wconf 76' lang='lat' dir='ltr'>cupre</span> <span class='ocrx_word' id='word_1_377' title='bbox 656 3343 752 3392; x_wconf 82' lang='lat' dir='ltr'>dicebet</span> <span class='ocrx_word' id='word_1_378' title='bbox 762 3341 783 3407; x_wconf 76' lang='lat' dir='ltr'>z)</span> <span class='ocrx_word' id='word_1_379' title='bbox 799 3341 842 3392; x_wconf 86' lang='lat' dir='ltr'>red</span> <span class='ocrx_word' id='word_1_380' title='bbox 857 3350 885 3390; x_wconf 90' lang='lat' dir='ltr'>nt</span> <span class='ocrx_word' id='word_1_381' title='bbox 902 3341 1026 3391; x_wconf 81' lang='lat' dir='ltr'>videentur</span> <span class='ocrx_word' id='word_1_382' title='bbox 1038 3357 1061 3392; x_wconf 90' lang='lat' dir='ltr'>re</span> <span class='ocrx_word' id='word_1_383' title='bbox 1074 3341 1167 3391; x_wconf 85' lang='lat' dir='ltr'>militeri</span> <span class='ocrx_word' id='word_1_384' title='bbox 1186 3342 1262 3408; x_wconf 83' lang='lat' dir='ltr'>potior</span> <span class='ocrx_word' id='word_1_385' title='bbox 1279 3347 1304 3389; x_wconf 93' lang='lat' dir='ltr'>et</span> <span class='ocrx_word' id='word_1_386' title='bbox 1319 3339 1464 3392; x_wconf 75' lang='lat' dir='ltr'>fortitudine</span> 
     </span>
     <span class='ocr_line' id='line_1_36' title="bbox 361 3422 1466 3491; baseline -0.001 -17"><span class='ocrx_word' id='word_1_387' title='bbox 361 3431 451 3474; x_wconf 86' lang='lat' dir='ltr'>ceteror</span> <span class='ocrx_word' id='word_1_388' title='bbox 462 3426 569 3488; x_wconf 79' lang='lat' dir='ltr'>euteire3</span> <span class='ocrx_word' id='word_1_389' title='bbox 585 3424 735 3491; x_wconf 84' lang='lat' dir='ltr'>empicentur</span> <span class='ocrx_word' id='word_1_390' title='bbox 745 3423 818 3482; x_wconf 87' lang='lat' dir='ltr'>enirn,</span> <span class='ocrx_word' id='word_1_391' title='bbox 828 3439 859 3473; x_wconf 90' lang='lat' dir='ltr'>ne</span> <span class='ocrx_word' id='word_1_392' title='bbox 870 3423 962 3474; x_wconf 87' lang='lat' dir='ltr'>eiiorto</span> <span class='ocrx_word' id='word_1_393' title='bbox 974 3423 1060 3473; x_wconf 81' lang='lat' dir='ltr'>mentio</span> <span class='ocrx_word' id='word_1_394' title='bbox 1069 3422 1161 3472; x_wconf 87' lang='lat' dir='ltr'>illorum</span> <span class='ocrx_word' id='word_1_395' title='bbox 1170 3423 1263 3472; x_wconf 77' lang='lat' dir='ltr'>irruitur</span> <span class='ocrx_word' id='word_1_396' title='bbox 1273 3422 1380 3488; x_wconf 79' lang='lat' dir='ltr'>prteiiet,</span> <span class='ocrx_word' id='word_1_397' title='bbox 1390 3425 1466 3473; x_wconf 87' lang='lat' dir='ltr'>ceteri</span> 
     </span>
     <span class='ocr_line' id='line_1_37' title="bbox 362 3503 1463 3572; baseline -0.001 -17"><span class='ocrx_word' id='word_1_398' title='bbox 362 3522 444 3555; x_wconf 81' lang='lat' dir='ltr'>omnen</span> <span class='ocrx_word' id='word_1_399' title='bbox 454 3507 517 3556; x_wconf 91' lang='lat' dir='ltr'>idem</span> <span class='ocrx_word' id='word_1_400' title='bbox 528 3507 632 3556; x_wconf 87' lang='lat' dir='ltr'>etodium</span> <span class='ocrx_word' id='word_1_401' title='bbox 639 3511 820 3572; x_wconf 79' lang='lat' dir='ltr'>pmecquentor.</span> <span class='ocrx_word' id='word_1_402' title='bbox 844 3505 907 3570; x_wconf 74' lang='lat' dir='ltr'>Ergo</span> <span class='ocrx_word' id='word_1_403' title='bbox 918 3505 998 3556; x_wconf 83' lang='lat' dir='ltr'>celent</span> <span class='ocrx_word' id='word_1_404' title='bbox 1009 3504 1182 3569; x_wconf 87' lang='lat' dir='ltr'>decipiuntque</span> <span class='ocrx_word' id='word_1_405' title='bbox 1192 3504 1290 3568; x_wconf 87' lang='lat' dir='ltr'>incolet,</span> <span class='ocrx_word' id='word_1_406' title='bbox 1298 3505 1340 3568; x_wconf 90' lang='lat' dir='ltr'>qui</span> <span class='ocrx_word' id='word_1_407' title='bbox 1349 3503 1463 3554; x_wconf 79' lang='lat' dir='ltr'>lecede·</span> 
     </span>
     <span class='ocr_line' id='line_1_38' title="bbox 361 3585 1464 3650; baseline 0.002 -16"><span class='ocrx_word' id='word_1_408' title='bbox 361 3586 454 3634; x_wconf 89' lang='lat' dir='ltr'>monior</span> <span class='ocrx_word' id='word_1_409' title='bbox 472 3587 592 3634; x_wconf 86' lang='lat' dir='ltr'>imitentur</span> <span class='ocrx_word' id='word_1_410' title='bbox 607 3588 698 3636; x_wconf 77' lang='lat' dir='ltr'>curium</span> <span class='ocrx_word' id='word_1_411' title='bbox 716 3587 904 3650; x_wconf 73' lang='lat' dir='ltr'>circumcisione,</span> <span class='ocrx_word' id='word_1_412' title='bbox 921 3585 1071 3637; x_wconf 77' lang='lat' dir='ltr'>involutione</span> <span class='ocrx_word' id='word_1_413' title='bbox 1089 3585 1238 3650; x_wconf 71' lang='lat' dir='ltr'>norigierum,</span> <span class='ocrx_word' id='word_1_414' title='bbox 1257 3585 1464 3636; x_wconf 74' lang='lat' dir='ltr'>exercitetiorribne</span> 
     </span>
     <span class='ocr_line' id='line_1_39' title="bbox 362 3666 1463 3733; baseline -0.002 -15"><span class='ocrx_word' id='word_1_415' title='bbox 362 3668 475 3732; x_wconf 82' lang='lat' dir='ltr'>corporir,</span> <span class='ocrx_word' id='word_1_416' title='bbox 486 3667 594 3716; x_wconf 86' lang='lat' dir='ltr'>breribm</span> <span class='ocrx_word' id='word_1_417' title='bbox 604 3667 716 3726; x_wconf 83' lang='lat' dir='ltr'>reetihou,</span> <span class='ocrx_word' id='word_1_418' title='bbox 727 3669 825 3733; x_wconf 85' lang='lat' dir='ltr'>perinde</span> <span class='ocrx_word' id='word_1_419' title='bbox 840 3685 868 3718; x_wconf 89' lang='lat' dir='ltr'>ec</span> <span class='ocrx_word' id='word_1_420' title='bbox 879 3669 898 3716; x_wconf 90' lang='lat' dir='ltr'>ri</span> <span class='ocrx_word' id='word_1_421' title='bbox 909 3667 1075 3733; x_wconf 80' lang='lat' dir='ltr'>liujuecemodi</span> <span class='ocrx_word' id='word_1_422' title='bbox 1091 3667 1161 3716; x_wconf 87' lang='lat' dir='ltr'>rebue</span> <span class='ocrx_word' id='word_1_423' title='bbox 1179 3666 1356 3717; x_wconf 69' lang='lat' dir='ltr'>lacedemonii</span> <span class='ocrx_word' id='word_1_424' title='bbox 1373 3675 1463 3716; x_wconf 83' lang='lat' dir='ltr'>oeteror</span> 
     </span>
     <span class='ocr_line' id='line_1_40' title="bbox 362 3748 1465 3816; baseline -0.001 -16"><span class='ocrx_word' id='word_1_425' title='bbox 362 3749 620 3813; x_wconf 79' lang='lat' dir='ltr'>Grecoeemuperent.</span> <span class='ocrx_word' id='word_1_426' title='bbox 653 3749 991 3816; x_wconf 80' lang='lat' dir='ltr'>Iecedemon&#39;rireroquotiee</span> <span class='ocrx_word' id='word_1_427' title='bbox 998 3765 1053 3799; x_wconf 89' lang='lat' dir='ltr'>cum</span> <span class='ocrx_word' id='word_1_428' title='bbox 1061 3748 1465 3814; x_wconf 79' lang='lat' dir='ltr'>rophietiernieliberiueeonrenire</span> 
     </span>
     <span class='ocr_line' id='line_1_41' title="bbox 362 3829 1464 3896; baseline -0.001 -16"><span class='ocrx_word' id='word_1_429' title='bbox 362 3831 455 3888; x_wconf 85' lang='lat' dir='ltr'>volunt,</span> <span class='ocrx_word' id='word_1_430' title='bbox 469 3837 616 3880; x_wconf 82' lang='lat' dir='ltr'>externorum</span> <span class='ocrx_word' id='word_1_431' title='bbox 631 3830 751 3880; x_wconf 86' lang='lat' dir='ltr'>hominnm</span> <span class='ocrx_word' id='word_1_432' title='bbox 763 3831 944 3880; x_wconf 84' lang='lat' dir='ltr'>lumilieritetem</span> <span class='ocrx_word' id='word_1_433' title='bbox 955 3847 1017 3896; x_wconf 74' lang='lat' dir='ltr'>egre</span> <span class='ocrx_word' id='word_1_434' title='bbox 1026 3830 1114 3890; x_wconf 86' lang='lat' dir='ltr'>ierunt,</span> <span class='ocrx_word' id='word_1_435' title='bbox 1132 3839 1157 3880; x_wconf 91' lang='lat' dir='ltr'>et</span> <span class='ocrx_word' id='word_1_436' title='bbox 1174 3829 1308 3879; x_wconf 87' lang='lat' dir='ltr'>clenculuru</span> <span class='ocrx_word' id='word_1_437' title='bbox 1318 3845 1464 3896; x_wconf 74' lang='lat' dir='ltr'>congregen-</span> 
     </span>
     <span class='ocr_line' id='line_1_42' title="bbox 362 3911 1465 3978; baseline -0.004 -15"><span class='ocrx_word' id='word_1_438' title='bbox 362 3922 408 3973; x_wconf 85' lang='lat' dir='ltr'>tur,</span> <span class='ocrx_word' id='word_1_439' title='bbox 418 3913 566 3978; x_wconf 73' lang='lat' dir='ltr'>exclusitque</span> <span class='ocrx_word' id='word_1_440' title='bbox 577 3913 705 3978; x_wconf 78' lang='lat' dir='ltr'>peregrinio</span> <span class='ocrx_word' id='word_1_441' title='bbox 715 3913 833 3972; x_wconf 73' lang='lat' dir='ltr'>omnibus,</span> <span class='ocrx_word' id='word_1_442' title='bbox 851 3924 898 3961; x_wconf 85' lang='lat' dir='ltr'>une</span> <span class='ocrx_word' id='word_1_443' title='bbox 915 3928 969 3962; x_wconf 89' lang='lat' dir='ltr'>cum</span> <span class='ocrx_word' id='word_1_444' title='bbox 988 3913 1100 3978; x_wconf 88' lang='lat' dir='ltr'>eoplrirtir</span> <span class='ocrx_word' id='word_1_445' title='bbox 1117 3911 1322 3977; x_wconf 75' lang='lat' dir='ltr'>philosophentur.</span> <span class='ocrx_word' id='word_1_446' title='bbox 1339 3911 1465 3976; x_wconf 81' lang='lat' dir='ltr'>prohibent</span> 
     </span>
     <span class='ocr_line' id='line_1_43' title="bbox 361 3993 1465 4063; baseline -0.004 -18"><span class='ocrx_word' id='word_1_447' title='bbox 361 3995 420 4063; x_wconf 91' lang='lat' dir='ltr'>quin</span> <span class='ocrx_word' id='word_1_448' title='bbox 431 3995 502 4045; x_wconf 86' lang='lat' dir='ltr'>etiem</span> <span class='ocrx_word' id='word_1_449' title='bbox 514 3999 539 4043; x_wconf 89' lang='lat' dir='ltr'>et</span> <span class='ocrx_word' id='word_1_450' title='bbox 550 3993 597 4060; x_wconf 90' lang='lat' dir='ltr'>ipti</span> <span class='ocrx_word' id='word_1_451' title='bbox 607 4003 632 4044; x_wconf 88' lang='lat' dir='ltr'>et</span> <span class='ocrx_word' id='word_1_452' title='bbox 643 3995 767 4046; x_wconf 81' lang='lat' dir='ltr'>Crotonem</span> <span class='ocrx_word' id='word_1_453' title='bbox 778 3994 941 4044; x_wconf 81' lang='lat' dir='ltr'>edoleuceutee</span> <span class='ocrx_word' id='word_1_454' title='bbox 953 3993 1011 4043; x_wconf 79' lang='lat' dir='ltr'>ulier</span> <span class='ocrx_word' id='word_1_455' title='bbox 1021 3995 1090 4043; x_wconf 75' lang='lat' dir='ltr'>nrbes</span> <span class='ocrx_word' id='word_1_456' title='bbox 1099 3993 1175 4056; x_wconf 86' lang='lat' dir='ltr'>edire,</span> <span class='ocrx_word' id='word_1_457' title='bbox 1185 4007 1216 4041; x_wconf 90' lang='lat' dir='ltr'>ne</span> <span class='ocrx_word' id='word_1_458' title='bbox 1227 4007 1281 4056; x_wconf 81' lang='lat' dir='ltr'>que</span> <span class='ocrx_word' id='word_1_459' title='bbox 1293 3993 1358 4058; x_wconf 89' lang='lat' dir='ltr'>epod</span> <span class='ocrx_word' id='word_1_460' title='bbox 1368 4008 1411 4041; x_wconf 87' lang='lat' dir='ltr'>eur</span> <span class='ocrx_word' id='word_1_461' title='bbox 1418 3993 1465 4041; x_wconf 89' lang='lat' dir='ltr'>do·</span> 
     </span>
     <span class='ocr_line' id='line_1_44' title="bbox 361 4073 1466 4140; baseline -0.004 -13"><span class='ocrx_word' id='word_1_462' title='bbox 361 4084 453 4135; x_wconf 89' lang='lat' dir='ltr'>centur,</span> <span class='ocrx_word' id='word_1_463' title='bbox 463 4076 587 4126; x_wconf 85' lang='lat' dir='ltr'>elibiiorte</span> <span class='ocrx_word' id='word_1_464' title='bbox 598 4077 730 4127; x_wconf 84' lang='lat' dir='ltr'>dedircent.</span> <span class='ocrx_word' id='word_1_465' title='bbox 764 4075 927 4140; x_wconf 83' lang='lat' dir='ltr'>Reperiuntnr</span> <span class='ocrx_word' id='word_1_466' title='bbox 942 4075 968 4123; x_wconf 91' lang='lat' dir='ltr'>in</span> <span class='ocrx_word' id='word_1_467' title='bbox 987 4075 1024 4124; x_wconf 85' lang='lat' dir='ltr'>hie</span> <span class='ocrx_word' id='word_1_468' title='bbox 1040 4073 1174 4125; x_wconf 82' lang='lat' dir='ltr'>ciritetibur</span> <span class='ocrx_word' id='word_1_469' title='bbox 1190 4087 1238 4122; x_wconf 86' lang='lat' dir='ltr'>non</span> <span class='ocrx_word' id='word_1_470' title='bbox 1250 4073 1292 4122; x_wconf 86' lang='lat' dir='ltr'>riri</span> <span class='ocrx_word' id='word_1_471' title='bbox 1304 4080 1396 4122; x_wconf 88' lang='lat' dir='ltr'>tentum</span> <span class='ocrx_word' id='word_1_472' title='bbox 1406 4073 1466 4123; x_wconf 82' lang='lat' dir='ltr'>&#39;rioc-</span> 
     </span>
     <span class='ocr_line' id='line_1_45' title="bbox 362 4154 1467 4224; baseline -0.005 -17"><span class='ocrx_word' id='word_1_473' title='bbox 362 4160 423 4207; x_wconf 82' lang='lat' dir='ltr'>trine</span> <span class='ocrx_word' id='word_1_474' title='bbox 435 4159 533 4224; x_wconf 81' lang='lat' dir='ltr'>egregii,</span> <span class='ocrx_word' id='word_1_475' title='bbox 544 4173 624 4208; x_wconf 83' lang='lat' dir='ltr'>rerum</span> <span class='ocrx_word' id='word_1_476' title='bbox 642 4157 714 4208; x_wconf 86' lang='lat' dir='ltr'>etiem</span> <span class='ocrx_word' id='word_1_477' title='bbox 729 4156 847 4206; x_wconf 85' lang='lat' dir='ltr'>mulieree.</span> <span class='ocrx_word' id='word_1_478' title='bbox 880 4155 952 4215; x_wconf 82' lang='lat' dir='ltr'>Quod</span> <span class='ocrx_word' id='word_1_479' title='bbox 974 4165 1117 4205; x_wconf 86' lang='lat' dir='ltr'>entemrere</span> <span class='ocrx_word' id='word_1_480' title='bbox 1136 4156 1228 4221; x_wconf 84' lang='lat' dir='ltr'>loquer,</span> <span class='ocrx_word' id='word_1_481' title='bbox 1246 4163 1272 4203; x_wconf 86' lang='lat' dir='ltr'>et</span> <span class='ocrx_word' id='word_1_482' title='bbox 1289 4154 1467 4204; x_wconf 80' lang='lat' dir='ltr'>Ltcetlemonii</span> 
     </span>
     <span class='ocr_line' id='line_1_46' title="bbox 363 4223 1465 4305; baseline -0.001 -19"><span class='ocrx_word' id='word_1_483' title='bbox 363 4241 452 4303; x_wconf 88' lang='lat' dir='ltr'>optimc</span> <span class='ocrx_word' id='word_1_484' title='bbox 463 4241 492 4289; x_wconf 85' lang='lat' dir='ltr'>ed</span> <span class='ocrx_word' id='word_1_485' title='bbox 505 4239 680 4305; x_wconf 71' lang='lat' dir='ltr'>philosophiam</span> <span class='ocrx_word' id='word_1_486' title='bbox 692 4254 856 4303; x_wconf 80' lang='lat' dir='ltr'>termnumqur</span> <span class='ocrx_word' id='word_1_487' title='bbox 867 4239 916 4288; x_wconf 86' lang='lat' dir='ltr'>tint</span> <span class='ocrx_word' id='word_1_488' title='bbox 926 4237 1032 4296; x_wconf 88' lang='lat' dir='ltr'>edueeti,</span> <span class='ocrx_word' id='word_1_489' title='bbox 1052 4237 1108 4286; x_wconf 85' lang='lat' dir='ltr'>hine</span> <span class='ocrx_word' id='word_1_490' title='bbox 1119 4223 1220 4286; x_wconf 76' lang='lat' dir='ltr'>marimo</span> <span class='ocrx_word' id='word_1_491' title='bbox 1237 4235 1322 4285; x_wconf 89' lang='lat' dir='ltr'>intueri</span> <span class='ocrx_word' id='word_1_492' title='bbox 1340 4234 1404 4285; x_wconf 85' lang='lat' dir='ltr'>linet.</span> <span class='ocrx_word' id='word_1_493' title='bbox 1438 4235 1465 4285; x_wconf 83' lang='lat' dir='ltr'>si</span> 
     </span>
     <span class='ocr_line' id='line_1_47' title="bbox 363 4316 1466 4387; baseline 0 -22"><span class='ocrx_word' id='word_1_494' title='bbox 363 4319 416 4381; x_wconf 86' lang='lat' dir='ltr'>quie</span> <span class='ocrx_word' id='word_1_495' title='bbox 428 4319 604 4384; x_wconf 53' lang='lat' dir='ltr'>cumssriiieeimu</span> <span class='ocrx_word' id='word_1_496' title='bbox 615 4335 710 4387; x_wconf 88' lang='lat' dir='ltr'>quoqne</span> <span class='ocrx_word' id='word_1_497' title='bbox 720 4319 954 4370; x_wconf 83' lang='lat' dir='ltr'>leoedemoniorum</span> <span class='ocrx_word' id='word_1_498' title='bbox 965 4318 1122 4384; x_wconf 83' lang='lat' dir='ltr'>colloquetur,</span> <span class='ocrx_word' id='word_1_499' title='bbox 1133 4319 1215 4368; x_wconf 84' lang='lat' dir='ltr'>rodem</span> <span class='ocrx_word' id='word_1_500' title='bbox 1226 4317 1366 4382; x_wconf 78' lang='lat' dir='ltr'>plerumque</span> <span class='ocrx_word' id='word_1_501' title='bbox 1375 4316 1401 4365; x_wconf 87' lang='lat' dir='ltr'>in</span> <span class='ocrx_word' id='word_1_502' title='bbox 1412 4332 1466 4365; x_wconf 83' lang='lat' dir='ltr'>ver·</span> 
     </span>
     <span class='ocr_line' id='line_1_48' title="bbox 365 4397 1467 4468; baseline 0.002 -24"><span class='ocrx_word' id='word_1_503' title='bbox 365 4397 400 4444; x_wconf 83' lang='lat' dir='ltr'>bie</span> <span class='ocrx_word' id='word_1_504' title='bbox 410 4413 521 4462; x_wconf 80' lang='lat' dir='ltr'>epperere</span> <span class='ocrx_word' id='word_1_505' title='bbox 531 4417 585 4450; x_wconf 80' lang='lat' dir='ltr'>cnut</span> <span class='ocrx_word' id='word_1_506' title='bbox 597 4404 671 4466; x_wconf 88' lang='lat' dir='ltr'>primo</span> <span class='ocrx_word' id='word_1_507' title='bbox 681 4401 818 4468; x_wconf 85' lang='lat' dir='ltr'>comperiet.</span> <span class='ocrx_word' id='word_1_508' title='bbox 835 4404 923 4453; x_wconf 89' lang='lat' dir='ltr'>deiude</span> <span class='ocrx_word' id='word_1_509' title='bbox 935 4401 1071 4465; x_wconf 86' lang='lat' dir='ltr'>ubicunque</span> <span class='ocrx_word' id='word_1_510' title='bbox 1082 4399 1114 4449; x_wconf 81' lang='lat' dir='ltr'>rei</span> <span class='ocrx_word' id='word_1_511' title='bbox 1123 4397 1199 4464; x_wconf 87' lang='lat' dir='ltr'>ipeiue</span> <span class='ocrx_word' id='word_1_512' title='bbox 1209 4398 1375 4464; x_wconf 85' lang='lat' dir='ltr'>opportunitee</span> <span class='ocrx_word' id='word_1_513' title='bbox 1382 4397 1467 4462; x_wconf 77' lang='lat' dir='ltr'>erigit,</span> 
     </span>
     <span class='ocr_line' id='line_1_49' title="bbox 364 4478 1468 4550; baseline 0 -22"><span class='ocrx_word' id='word_1_514' title='bbox 364 4479 437 4528; x_wconf 81' lang='lat' dir='ltr'>inetur</span> <span class='ocrx_word' id='word_1_515' title='bbox 448 4481 592 4531; x_wconf 71' lang='lat' dir='ltr'>vehementis</span> <span class='ocrx_word' id='word_1_516' title='bbox 602 4482 737 4546; x_wconf 87' lang='lat' dir='ltr'>jeculetorir</span> <span class='ocrx_word' id='word_1_517' title='bbox 749 4485 843 4533; x_wconf 76' lang='lat' dir='ltr'>verboru</span> <span class='ocrx_word' id='word_1_518' title='bbox 856 4501 904 4533; x_wconf 89' lang='lat' dir='ltr'>uon</span> <span class='ocrx_word' id='word_1_519' title='bbox 916 4485 984 4550; x_wconf 87' lang='lat' dir='ltr'>perri</span> <span class='ocrx_word' id='word_1_520' title='bbox 994 4481 1107 4532; x_wconf 88' lang='lat' dir='ltr'>momenti</span> <span class='ocrx_word' id='word_1_521' title='bbox 1115 4481 1185 4529; x_wconf 82' lang='lat' dir='ltr'>breve</span> <span class='ocrx_word' id='word_1_522' title='bbox 1194 4487 1376 4544; x_wconf 88' lang='lat' dir='ltr'>contortumque</span> <span class='ocrx_word' id='word_1_523' title='bbox 1384 4478 1468 4542; x_wconf 68' lang='lat' dir='ltr'>tieem</span> 
     </span>
     <span class='ocr_line' id='line_1_50' title="bbox 364 4559 1469 4631; baseline -0.001 -23"><span class='ocrx_word' id='word_1_524' title='bbox 364 4559 434 4624; x_wconf 81' lang='lat' dir='ltr'>intur,</span> <span class='ocrx_word' id='word_1_525' title='bbox 452 4569 477 4630; x_wconf 81' lang='lat' dir='ltr'>ut</span> <span class='ocrx_word' id='word_1_526' title='bbox 497 4563 602 4626; x_wconf 86' lang='lat' dir='ltr'>quicum</span> <span class='ocrx_word' id='word_1_527' title='bbox 622 4579 651 4612; x_wconf 87' lang='lat' dir='ltr'>co</span> <span class='ocrx_word' id='word_1_528' title='bbox 668 4563 779 4628; x_wconf 88' lang='lat' dir='ltr'>loquitor,</span> <span class='ocrx_word' id='word_1_529' title='bbox 797 4565 856 4616; x_wconf 85' lang='lat' dir='ltr'>nihil</span> <span class='ocrx_word' id='word_1_530' title='bbox 875 4581 977 4631; x_wconf 84' lang='lat' dir='ltr'>epuero</span> <span class='ocrx_word' id='word_1_531' title='bbox 996 4565 1089 4614; x_wconf 76' lang='lat' dir='ltr'>differre</span> <span class='ocrx_word' id='word_1_532' title='bbox 1109 4561 1262 4612; x_wconf 74' lang='lat' dir='ltr'>existimetur.</span> <span class='ocrx_word' id='word_1_533' title='bbox 1296 4559 1369 4616; x_wconf 85' lang='lat' dir='ltr'>Quod</span> <span class='ocrx_word' id='word_1_534' title='bbox 1381 4565 1469 4608; x_wconf 66' lang='lat' dir='ltr'>&#39;eumn</span> 
     </span>
    </p>
   </div>
   <div class='ocr_carea' id='block_1_3' title="bbox 0 0 1603 5322">
    <p class='ocr_par' dir='ltr' id='par_1_3' title="bbox 0 0 1603 5322">
     <span class='ocr_line' id='line_1_51' title="bbox 0 0 1603 5322; baseline 0 0"><span class='ocrx_word' id='word_1_535' title='bbox 0 0 1603 5322; x_wconf 95' lang='lat' dir='ltr'> </span> 
     </span>
    </p>
   </div>
  </div>
 </body>
</html>
