3138 5300
110 537 181 615 uno]
555 531 767 598 socerum.
1147 491 1204 598 our

105 695 168 746 Tua.
183 689 348 746 Necessarium
358 697 396 740 est
415 687 520 738 omnino.
553 687 604 738 ilo.
619 687 706 752 Neque
717 686 741 735 id
752 685 1074 750 coneedendom‚bumlnent
1092 687 1163 740 talem
1174 689 1213 740 di·

107 774 262 842 eccequideru
273 771 377 837 aliquid,
388 771 432 820 aed
443 787 492 818 oon
504 785 578 820 uuum
594 768 662 834 quid,
673 768 698 816 id
714 775 751 816 est
766 766 826 816 nihil
836 767 924 818 dicere.
956 767 1023 818 Tne.
1042 767 1117 833 Atqui
1129 785 1208 836 neque

107 855 172 918 loqui
182 854 298 904 dicendus
309 861 346 916 eat
356 852 406 907 iiie,
416 851 459 916 qui
469 858 569 900 conetur
581 866 631 898 non
642 865 685 898 eoa
695 847 805 912 prolerre.
821 848 885 896 uode
904 863 980 898 sermo
1000 855 1129 898 extremum
1139 850 1211 900 dubi·

109 935 202 984 senonia
215 935 321 984 baberet.
338 932 413 998 [2³8]
439 931 488 982 lio.
506 929 622 980 Nondum
636 944 748 993 magnum
762 929 807 978 boe
824 926 901 976 dices.
917 935 994 978 exstet
1012 929 1076 978 enim
1095 928 1185 994 adbuc,
1195 945 1212 978 o

108 1017 184 1072 beate.
195 1014 320 1065 elreabee
331 1011 507 1062 dubitationum
524 1010 626 1060 umairue
642 1015 715 1073 atque
731 1008 815 1073 prima,
825 1023 879 1073 quae
895 1009 958 1058 eirea
973 1008 1050 1072 ipaius
1067 1009 1210 1074 principium

108 1093 201 1166 eccidit.
233 1094 301 1144 Tua.
318 1094 375 1152 Quo
394 1101 466 1158 pactu
482 1092 508 1140 id
526 1090 719 1153 diemdeetm,
735 1090 829 1147 ιιιιιιιο,
844 1105 924 1154 neque
943 1097 966 1138 te
984 1090 1072 1156 pigeat.
1106 1089 1158 1140 lio.
1176 1089 1210 1140 Ei

109 1191 163 1226 tane
183 1175 248 1239 quod
267 1181 314 1230 eat,
323 1172 416 1238 aliquid
432 1172 532 1222 alterum
548 1185 629 1220 eorum
646 1185 700 1234 qun
717 1177 783 1232 sunt,
792 1170 929 1234 contingere
940 1178 1029 1235 potest.
1060 1172 1127 1222 Τιιιι.
1143 1171 1212 1220 Niluil

108 1256 224 1320 probibet.
256 1253 309 1302 Ηο.
324 1253 356 1303 Εἰ
367 1268 422 1301 vero
432 1252 497 1316 quod
510 1267 559 1300 non
570 1259 616 1308 eat,
627 1249 750 1314 aliquidne
761 1266 790 1298 ex
801 1250 838 1299 bie
854 1265 908 1314 quae
925 1259 990 1309 sunt,
1005 1251 1087 1302 udease
1106 1267 1212 1317 uuquam

107 1334 309 1400 puscedicemuai
342 1333 409 1384 Τιιιι.
425 1331 594 1396 Nequaquam·
626 1331 678 1382 Ho.
696 1329 836 1380 Universum
848 1345 996 1380 numerorum
1008 1331 1209 1396 genusinordine
1310 1391 1312 1398 Α

107 1431 262 1480 eorumquae
273 1422 338 1480 sunt,
350 1413 478 1479 ponimus?
511 1412 578 1462 Τιιιι.
596 1411 676 1470 Certe,
688 1411 708 1460 ei
725 1412 797 1460 modo
816 1411 881 1460 aliud
898 1411 1026 1476 quicquum
1042 1412 1067 1460 io
1078 1428 1107 1462 eo
1118 1428 1213 1477 ponen-

109 1497 173 1546 dum.
197 1496 257 1560 ¹ilo.
274 1495 355 1554 Quare
376 1509 420 1544 uec
438 1508 588 1542 numeromm
603 1491 779 1542 multitudinem
796 1506 874 1556 neque
891 1507 965 1540 unum
976 1506 1025 1542 non
1036 1491 1211 1554 entiedbibea·

108 1593 168 1628 mus.
201 1576 269 1626 Tua.
287 1575 357 1624 Haud
377 1581 446 1638 reete,
461 1572 636 1630 adhiberemua,
647 1579 674 1620 ut
690 1571 750 1620 ratio
767 1571 837 1620 nebia
856 1571 970 1620 ostendit.
1003 1571 1055 1621 ilo.
1068 1571 1129 1630 ¹Quo
1140 1581 1212 1636 paeto

106 1655 179 1724 igitur
189 1655 227 1704 vel
240 1669 280 1704 ore
288 1654 400 1719 proterret
410 1653 537 1718 quiquam
548 1651 585 1703 rel
595 1651 738 1715 cogitatione
747 1651 959 1716 comprehenderet
969 1667 1007 1710 eu,
1018 1668 1072 1716 quse
1084 1659 1211 1718 noupont,

107 1735 146 1786 sel
157 1752 206 1784 non
217 1750 381 1800 eus‚seorsom
398 1750 413 1783 a
429 1734 543 1784 numero?
576 1733 642 1782 Τιιιι.
660 1732 716 1792 Qua
732 1732 841 1781 ratione?
874 1731 927 1782 Ho.
943 1732 1060 1792 Quotiens
1076 1747 1127 1784 nou
1144 1732 1212 1784 eutis

107 1817 309 1880 dicimur‚nonue
328 1815 419 1865 numeri
437 1813 614 1864 multitudinem
633 1821 750 1862 tentamua
769 1814 909 1878 apponere?
942 1813 1009 1866 Tne.
1025 1812 1125 1879 Utique.
1158 1813 1212 1866 ilo.

109 1898 228 1956 Quotiens
238 1904 318 1946 autern
333 1911 383 1946 non
399 1910 544 1954 eua‚unum.
577 1893 644 1943 Τιιι.
661 1893 819 1943 Manifestum
836 1893 861 1940 id
878 1893 982 1957 quidem.
1015 1893 1066 1956 llo.
1084 1893 1212 1947 Enimvero

107 1993 187 2043 neque
193 1976 286 2041 justum
296 1991 375 2042 neque
385 1984 475 2026 rectum
487 1991 539 2026 ease
557 1975 669 2034 dirimua,
678 1981 705 2024 ut
724 1973 778 2040 quia
794 1989 842 2022 non
859 1974 910 2023 enti
921 1989 963 2022 ena
974 1973 1104 2038 adjungere
1114 1975 1213 2028 audeat.

107 2058 173 2108 Tua.
190 2055 254 2106 Vera
264 2053 374 2121 loqueris.
401 2047 459 2104 lio.
476 2053 694 2117 Auimsdrertiaoe‚
705 2054 771 2119 qnod
787 2068 866 2118 neque
883 2052 980 2118 proferri
998 2069 1077 2118 neque
1087 2062 1150 2104 recte
1160 2055 1212 2106 diei

109 2153 186 2204 neque
197 2137 296 2202 eogitari
305 2151 354 2186 oon
365 2151 408 2186 ena
418 2136 549 2188 secondom
560 2135 663 2200 seipsum
679 2143 768 2200 petest,
779 2135 821 2184 eed
839 2133 1000 2198 incogitabile,
1009 2133 1176 2200 ineffabileque
1187 2143 1214 2184 et

108 2217 240 2272 irrationale
250 2217 347 2267 existit?
378 2215 571 2268 Tue.1’enitus.
602 2215 655 2267 tto.
670 2215 788 2280 Nunquid
806 2214 878 2280 paulo
894 2221 950 2264 ente
961 2214 1075 2264 mentitos
1084 2229 1212 2274 sum‚uum

109 2298 157 2348 diri
168 2299 293 2350 maalmam
310 2297 374 2347 eires
391 2297 451 2346 illud
466 2296 640 2346 dubitationem
660 2311 699 2346 me
717 2296 854 2345 illaturum?
890 2294 957 2347 Tua.
972 2293 1060 2357 Aliam¹
1070 2295 1150 2346 adbuc
1166 2295 1213 2364 ists

111 2379 222 2444 majorem
237 2380 355 2430 adducere
373 2379 515 2442 munus?
547 2377 599 2428 llo.
616 2377 684 2436 Quid
700 2393 764 2436 vero,
775 2392 791 2425 o
807 2375 1212 2437 miriticeadoleaeeunannonea

110 2459 146 2512 tia
156 2475 213 2525 qum
222 2460 288 2509 dicte
297 2466 362 2516 aunt,
374 2458 450 2518 sides,
460 2459 525 2522 quod
536 2473 585 2507 non
596 2473 638 2508 eur
650 2457 722 2506 tantia
739 2473 803 2515 eom,
813 2456 856 2522 qui
871 2457 950 2521 ipsum
966 2457 1096 2523 redarguit,
1106 2457 1212 2508 offundit

108 2539 219 2600 tenebria,
238 2546 266 2586 ut
281 2554 335 2587 com
355 2537 456 2604 primum
474 2537 664 2602 redargutionem
679 2537 822 2601 aggreditur,
841 2537 937 2586 tibimet
951 2538 1068 2588 adversari
1093 2540 1211 2604 cogatur?

109 2621 175 2675 Tua.
191 2619 243 2670 Dio
253 2618 346 2670 clerius.
379 2617 429 2668 lio.
447 2617 519 2666 Haud
527 2623 623 2682 oportet
631 2615 716 2665 clariua
726 2615 815 2680 aliquid
827 2615 851 2664 iu
859 2631 897 2666 me
904 2617 1061 2668 concideram.
1093 2617 1213 2682 Equidem

109 2716 164 2750 cum
175 2696 353 2763 supposuisrem
364 2713 413 2746 nou
424 2712 467 2746 ena
478 2709 522 2747 nee
532 2696 602 2746 unius
611 2711 656 2746 nec
668 2696 794 2744 multorum
805 2711 857 2746 esee
867 2697 995 2762 particeps¹
1007 2705 1085 2746 umen
1097 2708 1122 2748 et
1138 2698 1212 2763 paulo

109 2787 165 2830 ante
174 2787 203 2829 et
216 2794 280 2830 nune
296 2779 367 2828 etiam
386 2793 459 2828 ouum
475 2777 554 2844 iprum
570 2775 667 2841 protuli,
678 2777 734 2825 dum
751 2776 797 2827 boe
814 2777 891 2842 ipsum
908 2792 955 2826 uon
972 2793 1015 2827 eoa
1026 2778 1211 2843 pronuntiarem.

110 2861 261 2928 pereipiana?
293 2859 359 2908 Tur.
376 2857 496 2924 Percipio.
529 2855 581 2908 ilo.
599 2856 664 2914 Quin
675 2854 747 2906 etiam
759 2856 831 2922 paulo
841 2872 912 2922 sopra
922 2856 1088 2924 inexplicabile
1097 2859 1177 2925 ipsum
1187 2871 1214 2912 et

110 2942 232 3006 ineffabile
242 2939 471 2992 etirrationaleesae
482 2938 541 2988 diri.
558 2937 644 2988 tenes?
677 2937 745 2988 Tun.
762 2936 847 2988 Plane.
879 2937 930 2989 ile.
946 2938 985 2988 Au
996 2940 1122 3000 eumdum
1132 2941 1211 3006 ipsum

111 3039 163 3074 ease
174 3022 301 3088 predicere
320 3022 351 3071 de
367 3020 409 3070 illo
425 3034 531 3082 conarer,
549 3017 623 3084 [2³9]
641 3017 758 3069 contraria
773 3018 932 3084 superioribus
951 3019 1112 3085 proierebami
1144 3023 1213 3074 Tus.

111 3104 214 3156 Videris.
246 3103 299 3153 Ho.
315 3101 405 3152 Nonne
422 3117 476 3152 eum
496 3100 541 3150 boc
559 3099 594 3149 illi
614 3098 720 3158 attribui,
730 3101 799 3166 qusai
819 3102 851 3166 de
868 3117 916 3150 uno
935 3101 1028 3152 locutor
1038 3104 1111 3152 sum?
1143 3103 1212 3156 tn.

112 3185 213 3252 libaque
223 3184 307 3234 dubio.
339 3182 391 3234 ilo.
407 3182 485 3232 immo
496 3191 521 3230 et
528 3179 665 3230 irretiouale
676 3181 734 3231 dum
744 3181 857 3238 dicerem,
867 3181 1080 3246 inexplicabileque
1090 3191 1116 3232 et
1126 3183 1211 3234 ineffa-

110 3267 157 3320 bite
167 3264 318 3329 singulariter
327 3263 514 3328 pronuntiarem,
524 3259 626 3326 perinde
641 3274 671 3308 ae
686 3260 707 3308 si
724 3275 797 3308 uuum
813 3268 886 3322 earet,
895 3261 966 3310 serbe
981 3262 1013 3310 de
1028 3263 1074 3312 boe
1085 3262 1212 3316 faciebam.

110 3346 177 3398 Tne.
195 3343 305 3402 Quidni?
340 3342 390 3392 iio.
406 3340 517 3390 Diximus
533 3354 600 3398 saue,
610 3339 631 3387 si
648 3340 719 3388 modo
735 3339 789 3402 qnia
806 3346 869 3388 reete
888 3339 954 3404 loqui
965 3341 1072 3400 voluerit.
1088 3357 1167 3408 neque
1184 3349 1214 3392 nt

111 3443 185 3479 unum
196 3439 275 3488 neque
284 3430 312 3472 ut
321 3423 396 3472 multa
405 3420 560 3470 determinare
570 3419 649 3484 ipsum
660 3419 756 3478 debere,
766 3433 844 3484 neque
855 3419 951 3467 omniuo
962 3419 1039 3483 lpaum
1049 3436 1142 3472 vocare.
1157 3438 1213 3474 uam

109 3506 137 3556 in
153 3519 203 3554 una
222 3502 326 3567 quadam
344 3499 425 3566 speeie
443 3499 606 3565 appellatione
619 3497 756 3564 bojusmodi
774 3505 909 3564 poneretur.
941 3499 1008 3550 Tae.
1023 3501 1129 3552 Proreus.
1161 3501 1213 3556 lio.

110 3586 151 3636 De
162 3600 201 3634 me
211 3583 284 3649 igitur
294 3583 347 3647 quia
358 3582 457 3632 ulterius
468 3581 573 3632 dixerit?
590 3581 678 3632 etenim
694 3587 720 3628 et
735 3595 805 3645 supra
815 3587 842 3630 et
858 3595 922 3630 none
939 3596 976 3630 me
986 3582 1012 3632 in
1023 3583 1067 3632 bae
1079 3599 1159 3648 pugna
1169 3585 1214 3634 sd·

110 3683 191 3718 uersus
207 3681 256 3716 nun
272 3679 315 3715 ena
330 3663 483 3716 succubuisse
499 3663 638 3728 comperiet.
654 3661 723 3726 apud¹
739 3677 808 3726 quem
829 3662 861 3710 de
874 3677 923 3712 nnn
934 3670 989 3712 ente
1000 3662 1135 3728 loquentem
1147 3665 1214 3717 nulla

111 3756 176 3801 recta
188 3747 278 3797 locutio
288 3746 413 3812 reperitur.
429 3745 471 3794 sed
487 3745 519 3794 de
536 3752 561 3794 te
573 3742 667 3809 jam,ai
683 3742 772 3808 placet,
783 3743 966 3794 consideremus.
998 3744 1066 3796 Τιιι.
1083 3745 1215 3804 Quidsiai

8 3843 10 3848 ·
112 3830 165 3880 lio.
182 3828 284 3888 conare,
295 3844 349 3893 age,
359 3828 421 3876 bena
439 3836 465 3876 et
480 3841 603 3892 generose,
619 3823 659 3892 (es
676 3824 739 3875 cuim
747 3824 866 3890 juverim)
874 3833 899 3874 et
910 3824 975 3875 nmui
985 3825 1071 3876 mentis
1080 3827 1215 3878 attentione

109 3917 200 3960 reetom
211 3924 342 3958 sermonem
354 3909 385 3958 de
395 3923 444 3958 nun
455 3916 510 3958 ente
522 3906 636 3973 prolerre,
646 3905 684 3956 iiii
694 3922 740 3956 uee
751 3905 877 3956 maeotiam
887 3921 933 3956 nee
944 3922 1017 3956 unum
1033 3922 1111 3972 neque
1123 3907 1215 3958 numeri

110 3990 287 4040 multitudinem
298 3989 422 4058 adbibens.
454 3988 521 4038 Tua.
538 3987 617 4046 Quam
628 3987 767 4038 temerarior
782 4001 867 4044 mrem,
877 3987 899 4036 ti
914 3988 1025 4045 eandem,
1035 3995 1117 4052 quatu
1128 4003 1214 4040 succo·

109 4071 192 4133 boleti,
202 4084 306 4133 pugnam
317 4070 465 4133 aggrederer.
499 4069 551 4120 lio.
568 4069 632 4134 Ergo
643 4069 663 4118 si
674 4069 719 4128 sia,
731 4077 755 4118 te
771 4083 801 4118 se
817 4083 854 4118 me
870 4067 1084 4132 pretermittamus,
1094 4075 1119 4118 et
1135 4070 1215 4121 donee

109 4149 292 4216 elignemreeti
308 4149 572 4213 aennoniaeompotem
590 4149 763 4208 uaneiseamum
781 4149 888 4198 dieamus
903 4149 1148 4214 interempturam
1164 4163 1214 4216 pr·

111 4229 197 4287 celeria
206 4235 299 4278 versute
317 4230 446 4278 admodum
462 4230 568 4278 obrcuria
584 4245 637 4279 aeae
652 4227 680 4278 iu
697 4227 792 4279 letebria
806 4228 947 4280 occuluisse.
979 4229 1047 4280 Tae.
1063 4229 1095 4278 Et
1113 4230 1214 4282 maxime

112 4311 219 4378 quidem.
251 4309 302 4362 En.
319 4310 489 4360 Verumtamen
501 4309 680 4374 ctpmututtea
690 4311 793 4374 quedam
805 4317 855 4358 arte
866 4308 955 4374 pollere
966 4309 1097 4376 sophistam
1108 4327 1214 4364 mmus·

112 4391 193 4452 rimus,
208 4391 279 4442 iecile
290 4406 319 4440 ea
329 4392 376 4440 boo
388 4405 432 4440 usu
443 4389 556 4454 loquendi
568 4389 679 4438 adsersus
698 4405 742 4438 noe
761 4389 907 4440 oooaaiouem
919 4397 1012 4454 metus,
1030 4391 1056 4440 in
1071 4394 1213 4445 conusrium

114 4487 232 4532 muner
241 4479 330 4534 certet,
339 4487 393 4521 uam
404 4472 462 4534 dom
474 4471 550 4537 ipsum
562 4470 738 4520 simulacrorum
754 4477 873 4520 auctorem
885 4470 1030 4537 roeabimue,
1039 4473 1097 4538 quid
1114 4474 1214 4529 maxims

114 4552 262 4604 simulacrum
273 4551 388 4614 dimmua,
399 4550 560 4618 interrogabit.
595 4550 757 4617 cogitandum
775 4551 890 4620 protinus,
900 4550 1032 4618 'l'beutete‚¹
1042 4553 1099 4620 quld
1116 4554 1149 4607 ita
1160 4571 1214 4622 per·
