3144 5310
331 467 392 530 ste
785 457 987 526 retronis
1361 460 1435 544 [sss
1457 497 1460 503 -

331 635 388 688 erqo
399 617 466 679 uslbi,
476 615 620 686 copiditstes
630 615 665 666 eis
676 629 724 666 uon
734 629 787 666 esse
797 610 980 672 enimendssmi
988 611 1043 678 quis
1053 619 1182 679 optet-sus
1189 611 1254 674 telis,
1262 614 1358 680 qusless
1365 631 1439 682 spes.

332 709 369 752 tet
377 702 445 752 esse?
462 701 534 750 iussus
545 698 740 765 permittendum.
753 696 806 746 illes
821 710 969 760 mmmopere
987 694 1085 762 sugeri:
1104 701 1175 760 etque
1186 711 1267 746 cerum
1276 697 1439 762 espledouese

331 775 430 836 eliunde
440 779 642 844 competendum?
659 778 732 842 idque
748 776 783 826 eis
794 775 984 826 esserirtuteur?
1018 774 1084 826 Cer..
1100 776 1277 842 Aiueqnidem.
1309 777 1352 830 So.
1368 779 1395 830 Sl
1405 779 1440 828 ite

330 870 403 920 esset,
415 877 463 912 non
475 869 538 910 recte
547 860 681 910 dicerentur
699 857 763 907 besti
780 856 894 922 esss.qni
911 855 1000 906 nullius
1015 857 1149 922 indiqeent.
1181 857 1298 922 Alioquin
1309 858 1403 924 lepidos
1413 867 1439 908 et

332 941 419 992 usust
429 940 558 991 felicissimi
567 940 652 990 forent·
684 937 845 988 Vorentenren
855 945 881 986 et
888 936 940 994 ille,
950 952 1021 1002 queue
1033 946 1059 986 tu
1070 937 1141 996 dieis,
1152 938 1227 1004 grecis
1237 949 1275 989 eet
1284 937 1343 988 sile.
1360 955 1437 1005 neque

331 1022 465 1080 sdmlrsrer‚
484 1021 540 1074 siin
551 1035 580 1070 eo
591 1035 645 1070 rere
656 1019 722 1068 dicet
738 1017 867 1082 Euripides
876 1017 970 1080 dicens,
981 1018 1044 1074 Quis
1060 1019 1138 1077 weit.
1147 1025 1229 1069 stru
1246 1021 1327 1070 uiuere
1344 1023 1439 1086 quida

331 1103 394 1156 seori
403 1103 448 1165 sit,
455 1103 516 1152 rsori
526 1107 606 1158 estest
614 1101 712 1154 oberei
726 1106 752 1148 et
762 1115 826 1154 nuno
835 1099 897 1148 forte
909 1113 933 1148 ro
943 1114 997 1148 vere
1008 1099 1093 1148 rnortm
1102 1115 1190 1152 sumus.
1206 1101 1288 1150 nudisi
1295 1101 1349 1166 jeus
1365 1101 1437 1167 [lm]

332 1183 444 1250 equidem
456 1181 590 1248 cupiente
600 1181 714 1246 quodem,
725 1195 770 1230 uos
779 1195 843 1234 nune
853 1187 956 1234 mortuos
964 1195 1024 1238 esse.
1032 1195 1164 1246 corpusqm
1172 1189 1276 1230 omnum
1288 1183 1437 1247 sepulchrum

331 1277 385 1314 esse
396 1259 482 1320 sobisr
498 1269 636 1328 pestemque
646 1260 712 1318 ,itlsu
723 1259 818 1318 enimn,
829 1261 853 1308 in
864 1275 911 1325 que
923 1261 1066 1326 cupiditems
1076 1271 1141 1320 sunt,
1152 1261 1249 1326 perinde
1260 1277 1286 1312 se
1297 1263 1395 1320 bebere,
1409 1277 1437 1312 ec

332 1343 531 1408 olpertusdeudu
543 1341 694 1408 vicissimque
706 1341 866 1390 diseuedendo
877 1357 966 1390 sunum
977 1342 1133 1406 deorsumque
1148 1341 1259 1406 usitetur.
1293 1342 1380 1407 Iteque
1390 1343 1436 1392 ele·

332 1439 393 1490 gens
403 1423 500 1490 quidem
515 1422 559 1480 sir,
580 1421 675 1472 Siculus
691 1423 791 1471 fortusse
804 1420 840 1470 sel
851 1421 936 1478 Iulus,
948 1423 971 1471 in
983 1421 1020 1471 bis
1030 1421 1205 1480 coniebnlstos.
1220 1423 1282 1472 benc
1299 1422 1375 1474 suini
1385 1439 1436 1488 per·

333 1491 392 1564 tem,
404 1511 500 1570 propter
510 1501 643 1554 sussioneru
654 1501 865 1566 credulitatemque
876 1502 990 1562 lubricum
1001 1503 1108 1552 ellndeus
1119 1503 1218 1560 uornini,
1225 1503 1319 1558 dolium
1331 1503 1434 1570 eppelle-

332 1585 384 1634 sit:
401 1585 524 1634 dementes
533 1598 599 1642 reru,
610 1582 721 1648 proisuos
735 1592 807 1648 etque
818 1583 951 1635 dsmnetos.
984 1583 1075 1632 Horum
1086 1591 1165 1634 sutem
1175 1586 1236 1634 benc
1252 1584 1327 1634 enimi
1338 1593 1434 1648 purtem.

332 1754 384 1804 turn
395 1761 447 1796 esse
458 1745 548 1804 dolium
559 1745 647 1817 inquit.
680 1745 840 1804 Qusmobrem
852 1745 890 1794 bie
901 1745 968 1804 sino
979 1746 1101 1804 cellicles,
1110 1747 1251 1800 conuminru
1261 1745 1306 1796 tibi
1316 1746 1434 1796 oeoenditr

332 1843 413 1878 eornm
424 1827 466 1892 qni
481 1827 545 1894 spnd
566 1827 678 1882 obsecres
688 1833 744 1874 sunt
765 1823 862 1888 interos,
872 1841 914 1874 eos
931 1841 983 1879 nse
1000 1825 1148 1886 miserrimos,
1158 1825 1201 1892 qui
1212 1835 1327 1890 teuquero
1339 1827 1433 1874 omuino

331 1907 425 1972 pruteni
442 1907 548 1968 deurnsti
565 1912 712 1978 cantetque
725 1921 810 1976 squern
825 1905 852 1966 iu
863 1922 904 1956 sss
922 1906 1065 1972 perlorstoru
1082 1923 1137 1958 curn
1155 1908 1203 1957 slio
1220 1908 1293 1956 etisrn
1313 1907 1429 1972 perioreto

332 2003 388 2046 rese
399 1987 493 2040 inferre.
525 1987 673 2038 Fauentmn
691 1989 738 2037 boe
756 1987 821 2036 eliud
834 2002 875 2036 res
892 1986 942 2042 sire
961 1987 1093 2045 cribellum.
1110 1989 1274 2038 ntdioebetis
1285 1988 1326 2052 qui
1337 1988 1429 2036 usedo-

331 2068 391 2126 00ἰο
400 2067 546 2126 dementium
555 2067 667 2122 euimum.
675 2083 746 2132 quern
758 2068 813 2117 ideo
825 2068 942 2132 perlorsto
951 2069 999 2116 sesi
1009 2069 1222 2134 eesimileritquod
1231 2077 1324 2134 propter
1329 2066 1428 2118 intidsru

333 2149 485 2202 effectionem
497 2147 688 2221 oblirionsmque
708 2156 812 2214 nequest
830 2149 933 2206 inlusum
950 2149 1041 2213 uliqnid
1058 2151 1188 2202 continere.
1221 2148 1430 2200 Videbunturbuc

334 2229 407 2280 elicui
417 2229 594 2296 qnodenrrnodo
604 2227 678 2286 mire:
696 2229 858 2286 demonstrent
875 2237 954 2280 temen
973 2230 998 2279 id
1017 2232 1082 2302 qnod
1101 2247 1147 2296 ego
1161 2231 1225 2290 volo,
1243 2231 1325 2295 sique
1338 2228 1430 2278 tutione

332 2310 424 2366 seleuse
434 2310 575 2384 pessundere
585 2309 639 2372 tibi,
650 2317 677 2358 nt
687 2324 730 2375 pro
741 2309 877 2374 inexplebili
888 2319 913 2359 ct
924 2310 1080 2362 incontinenti
1089 2313 1161 2362 vitem
1177 2313 1319 2368 moderetern
1330 2323 1429 2375 pruen-

334 2389 445 2456 tibusque
456 2405 549 2454 semper
558 2397 693 2440 couteruern
704 2392 772 2440 rebus
782 2391 865 2456 eliges.
898 2390 946 2440 Sed
958 2399 1034 2440 ouum
1053 2407 1094 2457 per
1112 2394 1172 2443 benc
1184 2393 1226 2442 tibi
1237 2391 1328 2458 eliqoid
1339 2403 1431 2456 perure·

334 2469 391 2536 deo,
401 2477 474 2536 etque
484 2479 509 2520 tu
522 2478 612 2520 snutets
622 2471 740 2522 mteutie
752 2472 867 2522 bestioree
884 2472 926 2537 qui
944 2479 1072 2538 temperete
1082 2474 1172 2534 virent,
1182 2490 1253 2539 quens
1265 2474 1308 2538 qui
1319 2473 1431 2536 intenpe-

332 2557 392 2610 rete,
404 2552 491 2616 putes?
507 2567 538 2601 en
558 2551 617 2600 nihil
636 2552 744 2617 proficio,
755 2561 826 2618 etque
847 2551 904 2602 licet
923 2553 996 2602 rnulte
1013 2554 1084 2604 simili
1104 2551 1430 2611 retionecontebuler,uilsilo

334 2633 410 2698 megin
421 2650 447 2682 ss
457 2633 598 2684 sententiem
615 2633 763 2682 muteturus?
797 2633 864 2684 Cer..
881 2633 945 2691 Hoc,
956 2650 972 2683 o
990 2633 1107 2693 Serretes,
1116 2635 1192 2685 serius
1210 2634 1363 2700 subjunxisti.
1392 2634 1431 2682 So·

333 2709 455 2777 Agedum,
474 2713 517 2762 tibi
536 2713 715 2772 similitudinem
733 2713 837 2778 eliqusrn
859 2730 890 2764 es
911 2716 996 2764 eodem
1015 2718 1139 2783 gymnesio
1158 2718 1285 2766 edducssn.
1319 2715 1431 2770 Atteude·

333 2799 411 2850 utrum
422 2792 520 2856 perinde
531 2807 628 2848 censens
638 2793 669 2842 de
681 2792 801 2859 utriusque
813 2795 871 2860 site,
883 2797 1007 2860 tempereti
1022 2797 1114 2849 scilicet
1124 2805 1196 2862 etque
1205 2797 1366 2864 intemperetl‚
1375 2793 1432 2845 ecel

334 2869 380 2929 siri
398 2871 447 2920 duo
467 2869 540 2919 multe
559 2869 747 2932 heberentress,
765 2883 790 2922 et
807 2875 866 2924 ulter
884 2877 981 2941 quidem
997 2877 1172 2944 iunguntque
1190 2878 1271 2942 plene,
1282 2875 1431 2943 parturiri.

334 2949 419 3017 purtim
432 2949 516 3008 mellis,
527 2951 612 3015 purtim
623 2950 699 3010 lectis,
711 2953 805 3018 elinque
816 2955 923 3006 similiter
938 2959 1053 3008 eliorum:
1071 2960 1118 3008 sint
1129 2975 1182 3008 vero
1192 2958 1280 3024 singuli
1292 2959 1318 3008 bi
1335 2958 1432 3022 liquores

334 3029 380 3079 reri
390 3030 486 3096 quidem
496 3039 522 3080 et
532 3029 628 3081 inventu
640 3033 747 3083 difficiles
758 3035 886 3102 multisque
896 3045 922 3087 et
932 3040 1040 3104 precibus
1051 3039 1169 3094 leboribus
1176 3041 1315 3106 rumpenti.
1347 3039 1432 3102 iterun

333 3111 372 3170 cui
383 3111 456 3184 plene
466 3119 521 3161 sunt
532 3127 596 3172 ress,
606 3113 665 3162 nilril
682 3115 876 3180 superinfundere
886 3121 982 3174 omnino
994 3129 1075 3178 curet:
1092 3123 1133 3170 sed
1149 3129 1263 3188 questum
1275 3123 1305 3170 sd
1316 3121 1367 3170 bec
1376 3119 1430 3174 etti·

334 3200 386 3250 net,
396 3190 501 3257 quietern
512 3201 576 3258 egel.
609 3193 686 3244 Alteri
697 3212 752 3246 vero
770 3197 872 3264 liquores
891 3201 937 3250 sint
955 3203 1154 3266 qnemedmoduns
1164 3203 1241 3260 elteri.
1251 3201 1291 3267 qui
1302 3197 1431 3264 compereri

333 3269 441 3346 quidem,
451 3273 493 3324 sed
505 3282 584 3324 temen
594 3291 649 3326 euru
667 3277 805 3328 difficultete
821 3281 928 3346 possint:
946 3297 1001 3330 seen
1010 3298 1066 3332 sero
1080 3284 1199 3348 perlorste
1216 3293 1284 3348 etque
1300 3283 1383 3345 lacte,
1404 3287 1435 3329 ut

333 3353 374 3402 die
385 3361 502 3419 nocteque
512 3355 672 3408 coutinuellls
688 3357 762 3425 [stt]
780 3361 879 3426 implero
895 3370 1000 3428 cogetur,
1011 3371 1053 3412 eut
1067 3365 1175 3414 extmmis
1194 3365 1305 3414 molestiis
1320 3364 1429 3428 epuler.

333 3449 388 3484 enne
407 3435 461 3484 telis
478 3436 549 3500 igitur
568 3438 600 3487 sit
612 3439 733 3504 utriusque
748 3441 807 3498 rite,
822 3443 888 3492 eisne
899 3443 970 3494 vitem
988 3445 1136 3510 intemperati
1151 3446 1278 3495 beetioreru
1294 3459 1346 3494 esse
1361 3458 1433 3510 quent

334 3515 476 3580 tempereti?
511 3515 551 3566 An
561 3520 690 3580 persnedeo
701 3521 745 3569 tibi
755 3521 792 3570 bis
802 3524 887 3582 serbis.
898 3533 926 3574 ut
935 3525 1007 3574 viteus
1018 3526 1120 3576 bominis
1128 3526 1242 3576 modereti
1252 3526 1372 3576 meliorem
1382 3539 1430 3575 estc

333 3611 405 3670 quesn
420 3595 569 3646 immodersti
586 3601 721 3650 concedes?
738 3603 774 3652 vel
789 3605 895 3654 nouduns
914 3608 1062 3671 persusdeo?
1095 3608 1160 3658 Cet..
1176 3607 1372 3674 Neqnequeru,o
1389 3606 1431 3656 So-

333 3682 419 3726 cretes.
451 3673 514 3725 Neue
533 3677 569 3726 illi
584 3680 624 3728 eui
634 3681 705 3749 plene
716 3691 772 3732 sunt
783 3685 870 3750 omnis,
880 3687 946 3736 nulle
957 3689 1058 3754 emplius
1068 3697 1106 3740 est
1115 3689 1241 3754 voluptss=
1259 3689 1311 3750 sed,
1321 3688 1431 3754 querend-

333 3753 431 3804 ruodnrn
442 3757 513 3808 ruodo
524 3758 642 3822 dioeberm
653 3763 719 3826 qussi
731 3762 791 3829 lepis
803 3767 869 3826 sirit,
880 3776 1004 3838 postquem
1014 3771 1087 3820 seruel
1098 3770 1245 3836 implererit;
1259 3786 1340 3836 neque
1350 3769 1432 3834 volup·

333 3840 407 3886 utem
418 3839 490 3888 sentit
502 3839 604 3906 emplius
614 3857 692 3908 neque
703 3845 843 3904 molestiem.
859 3849 962 3902 dulcedo
977 3858 1057 3908 eutero
1067 3851 1123 3908 uite
1142 3853 1166 3900 in
1181 3851 1256 3902 rnults
1273 3852 1431 3916 continueque

332 3916 451 3971 iolcum
468 3920 585 3982 consistit·
618 3921 661 3972 So·
678 3923 721 3974 Au
736 3942 785 3976 uun
803 3945 900 3982 necesse
919 3931 994 3991 est‚si
1005 3933 1208 3992 multnmiudue't,
1220 3933 1321 3982 multum
1332 3932 1431 3984 sic'usrn

332 3997 447 4048 ‘flium-³
465 3999 560 4067 ltquno
578 4001 675 4056 efflorui
693 4016 774 4072 petere
792 4009 922 4062 iorsnrinel
956 4013 1020 4064 Cer..
1036 4014 1145 4064 Prorsus.
1176 4015 1220 4064 So.
1243 4013 1370 4065 Cberedrii
1386 4011 1431 4062 esis

332 4077 351 4132 l.
368 4095 391 4131 e.
415 4081 534 4148 rursqiuis
551 4083 675 4151 cujusdem
691 4095 718 4138 tu
737 4093 896 4144 rursussiteus
914 4095 990 4157 dicie;
1005 4111 1055 4146 non
1073 4105 1153 4146 enteus
1174 4096 1261 4145 monui
1281 4103 1325 4146 sut
1340 4094 1432 4161 lepidis·

332 4157 415 4225 Atque
425 4161 482 4212 mibi
493 4166 621 4232 responde,
631 4184 688 4218 nuru
699 4169 746 4220 tels
757 4172 847 4238 eliquid
858 4173 933 4234 dices.
943 4177 1009 4227 seint
1024 4178 1111 4228 ceurire
1121 4185 1194 4244 etque
1203 4175 1346 4228 esurientem
1357 4190 1432 4228 cons·

333 4237 407 4289 dore?
448 4243 513 4294 Cet.
530 4245 593 4298 Diuo
612 4249 732 4319 equidem.
773 4253 816 4305 So.
832 4255 865 4312 Et
885 4257 949 4308 sitire
968 4258 1136 4326 sitientemque
1157 4257 1254 4308 bibere?
1288 4258 1356 4309 css.
1371 4257 1432 4306 Dico

332 4318 460 4382 equidemg
479 4333 551 4392 etque
561 4327 657 4396 reliquis
668 4331 776 4388 similiter
785 4339 956 4402 eupiditetibus
968 4341 1079 4392 ellectum
1090 4357 1151 4398 esse,
1162 4341 1306 4407 explereque
1316 4356 1359 4390 ess
1366 4351 1433 4405 poert

332 4412 387 4446 curn
399 4401 636 4468 compraehensus
655 4429 706 4462 csse
717 4415 790 4464 viteus
809 4418 906 4470 effirno.
939 4421 981 4470 So.
1000 4421 1077 4486 Euge,
1088 4422 1188 4472 siturum
1202 4420 1303 4486 optime,
1314 4427 1431 4487 pergent

332 4475 445 4544 “Phili
460 4495 504 4533 flet
517 4493 539 4535 le
550 4487 649 4552 pudent.
667 4501 761 4558 oportet
772 4504 860 4557 sutem,
871 4508 897 4550 ut
909 4501 1010 4562 uidetur.
1021 4517 1058 4551 rne
1067 4517 1161 4568 quoque
1169 4500 1260 4570 pudore
1269 4499 1434 4554 nondetineri.
