3144 5310
340 549 402 610 nm
797 551 998 614 acaronis
1366 559 1437 637 [sou
1541 629 1547 640 ,

340 707 460 776 prohibet.
492 705 534 758 so.
550 705 632 755 Bonas
642 705 739 769 quidem
750 705 883 770 voluptates
893 713 919 764 et
928 707 1022 756 dotores
1033 707 1109 756 bonna
1118 707 1205 770 eligere
1216 717 1347 772 oporteret
1362 725 1440 774 prose·

341 791 392 856 qui.
426 789 492 839 Cen.
509 789 616 836 Prorsus.
649 787 693 836 So.
711 785 801 836 Contra
812 801 1037 851 seranequaquam.
1071 787 1136 837 Can.
1154 788 1310 837 Manifestum
1321 799 1365 838 est.
1397 791 1440 841 So.

341 871 437 934 Nempe
446 871 559 918 bonomo
571 867 645 931 gratio
655 867 748 930 agenda
759 883 810 916 esse
821 867 900 916 omnia
911 885 956 930 ego
965 877 989 916 et
1000 867 1071 916 Poiua
1079 870 1247 919 consensimus.
1260 885 1290 917 an
1299 869 1442 920 meministi?

342 959 368 1003 et
384 951 427 1002 tibi
445 950 551 999 similiter
560 947 653 998 ridetur
672 949 711 997 iric
729 963 780 996 esse
796 948 850 996 finis
868 949 971 996 omniurn
990 949 1119 1006 actionum,
1130 947 1208 1013 ipsum
1228 949 1320 999 seiiicet
1338 953 1442 1000 bonnm?

342 1033 442 1098 ejusque
461 1031 535 1096 gratia
553 1039 631 1080 cetera
649 1028 729 1078 ornnia
742 1027 860 1092 iacienda,
872 1045 920 1078 unu
937 1037 1015 1077 autem
1036 1029 1112 1093 ipsum
1124 1030 1198 1094 gratia
1209 1032 1369 1095 reliquorum?
1402 1033 1441 1081 An

342 1116 426 1166 tertius
435 1115 460 1161 in
471 1113 532 1161 hanc
544 1111 683 1160 sententiarn
699 1111 767 1158 nobis
782 1109 892 1159 accedia?
924 1109 989 1160 Car..
1007 1109 1132 1173 Equidem.
1166 1111 1208 1160 So.
1225 1113 1385 1168 Quamobrem
1400 1115 1442 1162 bo-

343 1211 426 1245 norum
437 1193 512 1259 gratia
522 1199 615 1257 oportet
625 1199 649 1240 et
659 1191 706 1240 alie
716 1199 741 1239 et
749 1191 883 1256 voluptates
894 1189 961 1254 aequi
972 1205 979 1237 r
997 1205 1044 1238 non
1052 1199 1130 1238 autern
1150 1190 1223 1256 [⁵⁰0]
1242 1193 1304 1240 bona
1316 1193 1391 1256 gratia
1401 1211 1445 1242 so.

339 1277 470 1342 iuptaturn.
503 1273 568 1325 Can.
584 1273 690 1322 Prnraua.
724 1271 766 1321 tto.
785 1271 824 1319 An
843 1287 899 1334 ergo
917 1269 1032 1334 cujusque
1054 1271 1097 1319 riri
1118 1281 1155 1320 est
1172 1273 1267 1335 eligere,
1286 1289 1396 1337 quamam
1414 1289 1443 1322 ex

341 1357 413 1408 rebus
423 1373 476 1422 qnae
496 1356 616 1405 delectent
634 1355 703 1401 bonae
721 1361 783 1408 sunt,
796 1367 878 1416 quere
896 1351 981 1400 maias?
998 1367 1028 1398 an
1041 1352 1120 1416 potius
1131 1352 1250 1401 artificiosi
1266 1353 1312 1402 riri
1331 1369 1392 1417 opus
1407 1362 1444 1403 est

342 1439 486 1502 utrumque?
519 1436 585 1486 Can.
601 1433 738 1483 Artificiosi.
770 1435 813 1482 So.
830 1432 992 1481 Recordemur
1008 1448 1064 1496 ergo
1076 1433 1178 1491 iiiorurn,
1189 1449 1244 1498 quar
1254 1449 1300 1498 ego
1312 1437 1342 1482 ed
1357 1435 1441 1484 Poinrn

343 1519 503 1584 Gorgiamquc
512 1518 628 1566 dicebam.
645 1515 751 1578 proiecto
762 1514 879 1570 dicebam,
892 1513 911 1561 ai
923 1513 1057 1568 meministi,
1068 1529 1119 1562 ease
1127 1513 1251 1562 iacuitntes
1262 1517 1377 1579 quasdam
1384 1531 1442 1581 prar-

342 1599 478 1666 parntrices,
488 1597 546 1646 aiios
562 1597 657 1662 quidem
678 1610 751 1658 usque
767 1595 798 1641 ad
810 1595 955 1658 voluptatem
967 1595 1090 1649 duntarst,
1101 1595 1160 1660 qnid
1172 1595 1254 1642 meiius
1267 1597 1401 1645 deteriusve
1412 1597 1443 1645 sit

341 1681 493 1745 ignoranter:
512 1677 569 1726 alins
580 1691 634 1724 vero
645 1675 703 1740 quid
716 1676 803 1722 bonum
814 1675 930 1722 malumve
938 1675 1155 1738 sitcognoscenter.
1189 1675 1312 1724 Ponebanr
1322 1687 1442 1740 praterea,

343 1777 423 1810 earum
441 1775 494 1824 quac
510 1759 572 1807 circo
582 1757 716 1820 voluptates
726 1765 855 1812 versantur,
875 1757 1035 1820 coquinarium
1047 1755 1109 1804 circa
1120 1771 1205 1820 corpus
1215 1757 1332 1820 peritiora,
1342 1759 1384 1806 sed
1396 1773 1441 1806 nort

344 1849 433 1891 artem:
450 1857 529 1890 earnm
540 1855 604 1896 vero,
623 1853 677 1902 quae
696 1838 725 1884 ad
744 1839 832 1884 bonurn
852 1837 987 1893 intendunt,
1008 1837 1117 1884 medendi
1134 1845 1216 1884 artem.
1249 1835 1281 1885 Et
1298 1853 1342 1901 per
1358 1839 1440 1890 Jorern

343 1921 490 1972 amicabilem
503 1935 592 1986 precor,
602 1935 617 1968 o
626 1919 746 1983 Culiicies,
757 1919 806 1966 noli
818 1919 928 1966 adversus
942 1933 978 1966 me
986 1917 1072 1981 jocari,
1083 1933 1160 1982 neque
1168 1919 1280 1986 quicquid
1290 1920 1335 1968 tihi
1344 1920 1442 1969 occurrit

343 2004 500 2067 respondere:
518 2017 577 2050 nevo
588 2016 664 2048 rursus
676 2000 726 2048 hec
738 2015 751 2046 s
763 2015 800 2047 me
817 1999 924 2061 occipere
942 1997 1010 2062 quasi
1025 1997 1133 2062 jocante.
1166 1998 1242 2047 Vides
1253 2000 1327 2057 enirn.
1337 2017 1366 2049 ea
1377 2003 1408 2050 de
1419 2017 1441 2049 re

344 2083 412 2133 nobis
424 2099 474 2132 ease
485 2097 624 2138 sermonem,
636 2097 683 2146 qua
694 2080 751 2128 nihii
763 2080 836 2144 magia
848 2095 915 2126 nosse
927 2079 961 2126 rir
971 2095 1033 2126 sane
1045 2080 1129 2127 mentis
1140 2081 1277 2138 contendet,
1288 2083 1441 2145 quemadmo-

342 2165 401 2214 dum
412 2161 523 2212 ridelicet
534 2163 565 2210 ait
575 2161 716 2210 vivendum:
734 2167 810 2207 utrum
820 2160 1018 2224 quemadmodum
1029 2167 1053 2206 tu
1066 2161 1172 2216 hortaris,
1182 2161 1222 2208 iiie
1232 2163 1387 2225 agendoque
1399 2161 1442 2210 viri

344 2261 396 2294 osse
406 2245 466 2294 dicis
475 2243 561 2304 officia,
571 2249 701 2290 versantem
719 2241 744 2288 in
763 2240 853 2304 populo
870 2247 941 2304 etque
953 2249 1068 2302 orantem,
1080 2257 1127 2289 rem
1147 2249 1256 2306 preterea
1266 2241 1383 2305 publicem
1396 2261 1441 2307 gu-

341 2327 489 2378 bernantem,
501 2322 632 2371 censorin
644 2319 767 2384 praesentia
785 2320 936 2383 gubernetis:
955 2336 985 2367 an
1004 2323 1083 2386 potius
1095 2321 1143 2369 rita
1160 2323 1192 2370 ait
1209 2323 1258 2369 hare
1277 2322 1442 2386 philosophica

342 2405 499 2467 capessenda,
518 2410 543 2450 et
557 2417 605 2466 qua
619 2401 644 2448 in
664 2415 688 2449 re
707 2400 818 2448 haecvita
835 2399 1015 2452 differtabilla.
1049 2401 1119 2449 Forte
1130 2415 1184 2450 vero
1197 2417 1274 2465 operm
1286 2404 1385 2467 pretium
1397 2412 1442 2462 est,

342 2483 542 2549 quemadmodum
561 2483 694 2547 inceperam
714 2481 784 2546 penio
803 2489 867 2538 ante,
879 2481 1039 2547 distingueret
1057 2489 1129 2548 atque
1148 2483 1245 2546 delude,
1255 2500 1309 2532 curn
1326 2485 1395 2534 nobis
1412 2485 1442 2534 de

339 2565 497 2616 distinctione
517 2563 694 2622 commerito
713 2565 764 2612 inec
779 2565 867 2630 dupicx
879 2563 927 2612 rite
938 2573 982 2623 est,
994 2566 1140 2614 considerare
1158 2565 1216 2630 quid
1236 2565 1338 2620 intersit.
1356 2577 1382 2614 et
1397 2582 1442 2630 qus

338 2649 422 2712 potius
440 2647 471 2695 ait
487 2647 622 2695 vivendum.
641 2645 766 2694 fortercro
785 2647 890 2693 nondum
910 2645 968 2709 quid
988 2645 1066 2694 dicam
1085 2645 1207 2709 intelligis.
1242 2645 1309 2694 Cat.
1328 2645 1439 2694 Nondum

344 2739 416 2779 certe.
448 2730 491 2780 So.
509 2727 544 2776 rit
561 2744 606 2792 ego
625 2728 719 2791 planius
733 2726 777 2774 tibi
794 2727 882 2776 dicam.
901 2733 1024 2790 postquam
1036 2743 1081 2790 ego
1093 2741 1121 2776 ac
1139 2734 1164 2773 tu
1176 2725 1281 2776 coniessi
1292 2743 1383 2784 sumus,
1393 2743 1441 2775 esse

343 2812 440 2875 quidem
451 2809 540 2872 aliquid
553 2809 650 2864 bonurn,
660 2823 711 2856 ease
729 2822 824 2872 quoque
844 2807 935 2870 niiqoid
946 2807 1123 2872 voluptarium,
1139 2807 1181 2856 aed
1199 2807 1265 2856 aliod
1285 2807 1440 2872 voluptarium

343 2904 475 2953 essequam
485 2891 583 2950 bonum,
593 2896 664 2949 atque
675 2887 795 2949 utrimque
807 2889 888 2934 trorum
901 2889 1006 2936 studium
1016 2896 1041 2936 et
1052 2888 1246 2952 properationem
1259 2889 1380 2954 quandam
1391 2905 1441 2938 esse

343 2971 373 3018 cd
393 2985 422 3016 ea
440 2967 612 3030 compnmnda:
629 2967 726 3014 alteraru
743 2966 855 3015 videlicet
872 2969 1020 3016 renationem
1035 2969 1100 3026 boni,
1117 2969 1212 3017 alteram
1233 2969 1381 3034 roiuptetia:
1399 2971 1442 3020 huc

342 3053 419 3116 iprum
432 3049 517 3113 primo,
528 3055 654 3110 antequam
665 3045 762 3095 ulterius
781 3049 916 3112 procedam,
927 3049 1045 3098 assentiris
1061 3048 1129 3112 mihi,
1140 3050 1235 3098 necne?
1269 3051 1337 3100 Car..
1354 3049 1441 3098 Arsen·

343 3133 396 3184 tior.
429 3131 471 3180 So.
487 3129 541 3193 Age
549 3135 574 3176 et
583 3128 633 3184 iiia,
644 3143 697 3194 quer
707 3127 737 3175 nd
750 3129 792 3175 hos
803 3127 920 3188 dicebam,
933 3131 989 3178 milri
1001 3131 1122 3187 assentire,
1133 3131 1152 3179 ai
1170 3131 1242 3179 rnodo
1253 3129 1317 3178 risus
1336 3131 1380 3178 tibi
1391 3145 1441 3179 auru

343 3223 400 3264 tuuc
411 3228 466 3262 vern
476 3209 549 3276 ioqui.
560 3209 666 3274 proiecto
676 3208 793 3267 dicebam,
801 3225 850 3257 non
862 3211 937 3259 rideri
948 3211 1005 3260 mihi
1017 3210 1177 3280 coquinariarn
1189 3227 1240 3260 ease
1250 3219 1333 3269 artem,
1345 3212 1388 3258 sed
1400 3225 1442 3274 pe-

341 3295 418 3344 ritiam
436 3292 572 3359 quandam:
591 3289 731 3340 medicinam
753 3305 807 3339 rero
825 3307 876 3340 erse
896 3301 988 3353 ortem,
1003 3299 1127 3358 propterea
1145 3291 1220 3358 [⁵⁰1]
1236 3292 1298 3356 quod
1316 3291 1443 3340 medicinae

341 3377 441 3426 facultas
451 3375 513 3423 iliius
524 3373 587 3438 quod
599 3379 667 3420 curat
677 3378 781 3419 neturanr
793 3371 936 3430 considerat,
948 3381 973 3422 et
983 3389 1077 3421 caurum
1089 3389 1170 3421 eorum
1181 3389 1235 3437 quae
1246 3372 1303 3436 agit,
1313 3379 1443 3437 potestque

341 3461 424 3508 horum
442 3455 556 3520 cujusque
574 3452 672 3501 reddere
688 3451 812 3502 rationem.
845 3451 928 3502 Altera
946 3469 1002 3502 vero
1020 3453 1148 3518 voluptatis
1167 3453 1268 3503 curatrk
1287 3451 1388 3501 incultas
1412 3453 1442 3500 ad

340 3537 579 3607 ipsnmuoiuptatem,
591 3533 654 3581 circa
662 3547 732 3598 quem
745 3539 820 3580 tntum
831 3531 994 3596 ejusversatur
1003 3533 1322 3598 studium,ouminoabrque
1330 3541 1381 3583 arte
1391 3549 1443 3598 pro-

342 3619 416 3676 cedit,
428 3631 505 3680 neque
516 3614 644 3678 voluptatis
656 3614 731 3678 ipsius
742 3622 848 3662 naturam
864 3613 1014 3664 considerans
1026 3631 1104 3678 neque
1116 3629 1227 3663 eausam:
1246 3613 1371 3662 temerarie
1381 3629 1444 3677 pror·

337 3707 389 3756 sus,
399 3705 427 3745 ut
437 3695 471 3744 ita
480 3693 587 3748 dixerim,
598 3708 674 3756 neque
690 3694 756 3758 pensi
772 3695 862 3742 hebens
879 3695 1016 3760 quicquam,
1028 3694 1070 3742 sed
1090 3709 1134 3743 nau
1151 3696 1255 3758 quodam
1267 3704 1342 3757 atque
1353 3695 1442 3759 experi-

340 3779 415 3836 entia,
423 3784 448 3825 et
460 3773 568 3822 memoria
580 3771 632 3836 ejus
643 3775 706 3835 quod
718 3773 825 3823 accidere
842 3776 999 3832 consueverit,
1010 3775 1086 3823 aoiom
1104 3776 1172 3832 ireta,
1184 3774 1321 3839 roiuptates
1338 3775 1441 3824 studiose

338 3867 414 3927 porat.
448 3855 507 3904 Haec
517 3870 573 3918 ergo
585 3853 683 3916 primum
695 3855 827 3916 considera,
836 3872 891 3904 num
904 3855 1044 3904 sufficienter
1056 3857 1098 3904 tihi
1109 3857 1173 3905 dicta
1185 3857 1320 3912 videantur,
1334 3855 1439 3920 nunquid

336 3951 451 4008 praeterea
463 3954 513 3987 ease
526 3945 595 4000 puter
603 3936 661 3984 tales
673 3937 785 4000 quasdnnr
796 3937 858 3986 eirca
867 3937 968 3985 animam
977 3937 1110 3994 iacuitntea,
1120 3938 1176 3984 niias
1186 3937 1285 4001 quidem
1294 3939 1439 3994 artificiosae,

337 4039 417 4072 curem
428 4019 539 4068 rideiicet
549 4017 663 4065 habentes
673 4015 725 4080 ejus
736 4019 801 4082 quod
812 4017 843 4066 ait
859 4019 943 4065 enimn
960 4017 1090 4080 optimum:
1109 4017 1167 4067 aliea
1178 4015 1269 4065 veroid
1282 4018 1437 4082 negiigeutes,

338 4103 413 4151 solum
427 4116 480 4149 vero
492 4099 632 4162 cogitantes,
642 4099 840 4162 quemadmodum
851 4109 877 4147 et
892 4100 922 4148 de
940 4115 1037 4162 corpore
1055 4099 1165 4158 diximus,
1177 4115 1226 4163 quo
1238 4107 1312 4164 pacto
1324 4101 1438 4149 obiectare

339 4183 442 4230 animum
453 4180 555 4228 raieaut.
572 4195 625 4243 quar
636 4179 742 4242 quidem,
754 4187 830 4226 utrum
850 4179 931 4227 melior
942 4196 973 4227 nn
983 4180 1084 4228 deterior
1095 4181 1125 4228 sit
1136 4181 1255 4244 roiuptrs,
1269 4180 1369 4228 minime
1376 4179 1437 4243 cogi·

335 4263 407 4310 'tonte
426 4276 504 4324 neque
514 4259 578 4307 alind
590 4261 719 4323 quidquem
731 4268 814 4307 corant
824 4275 895 4323 quam
908 4269 934 4307 nt
945 4261 1073 4315 obiectent,
1084 4261 1133 4308 sire
1146 4261 1229 4308 melius
1238 4261 1263 4308 id
1285 4261 1316 4310 sit
1333 4261 1382 4309 sire
1397 4261 1437 4307 de·

339 4341 418 4388 terior.
451 4339 514 4387 Miiri
526 4341 629 4403 quidem,
640 4356 655 4387 o
667 4339 786 4395 Cniiieiea,
799 4340 908 4388 ridentur
918 4356 969 4388 ease
981 4341 1039 4388 teies
1050 4341 1136 4403 aliquae
1144 4341 1279 4397 incuitatea.
1292 4341 1436 4390 universum·

337 4433 384 4480 que
395 4419 420 4464 id
432 4419 585 4467 ministerium
596 4421 755 4469 adulationem
766 4437 819 4469 enac
831 4423 904 4478 duco,
916 4431 962 4468 tem
980 4419 1041 4470 circa
1060 4423 1161 4468 nninmm
1181 4437 1253 4485 quam
1270 4421 1334 4471 circa
1346 4437 1436 4483 corpus,

337 4504 363 4544 et
374 4497 470 4543 omnino
480 4499 541 4546 circa
551 4500 616 4546 eliud
628 4502 759 4564 quodlibet,
772 4499 840 4565 tnjoa
852 4503 1002 4566 voluptatem
1016 4502 1069 4564 quis
1089 4503 1273 4559 circumimus
1286 4518 1379 4568 prorsus
1391 4516 1435 4549 nte·

333 4577 400 4624 iiuria
411 4575 562 4626 deterioriave
572 4579 677 4628 adhibita
687 4581 785 4628 ratione.
818 4581 854 4629 Tu
868 4597 920 4630 uero
932 4591 1009 4629 utrum
1018 4582 1042 4628 in
1052 4581 1152 4630 candem
1165 4584 1289 4631 nobiscum
1297 4581 1436 4630 sententian
