3150 5316
206 534 278 612 tro]
632 535 881 598 convrvruu.
1242 547 1298 605 ror

203 701 252 736 rem
263 693 451 750 temeu‚teutem
463 685 563 736 telemre
574 686 663 749 Deum,
673 688 752 738 culice
770 703 872 754 unquem
890 705 918 738 ee
935 697 971 738 tot
990 690 1068 756 politio
1085 692 1179 744 leudem
1195 693 1298 759 ellquem

203 767 330 832 ecrlpeerit.
345 767 411 832 etqui
421 767 495 825 xirix,
505 767 591 830 lnquit,
602 783 617 815 o
629 767 793 832 Exprimeche,
803 785 917 834 querere,
930 770 1039 820 inveniee
1057 771 1163 835 proiecto
1176 775 1300 838 Sophietee

201 848 302 897 dixertoe
319 847 395 896 culute
411 849 516 896 oretiouc
533 847 660 897 Herculem
676 849 781 912 elioeque
800 849 914 906 leudexee,
925 851 1124 914 quemadmodum
1146 853 1297 917 peritierimur

205 927 328 978 Prodicue.
344 943 485 992 quemquem
495 929 542 978 hoc
560 927 637 976 minoe
653 927 725 976 elicui
737 928 819 976 mirum
830 929 903 978 rideri
913 930 986 978 dehet
997 948 1003 978 ε
1021 933 1063 979 ted
1074 947 1120 996 eqo
1131 930 1178 996 legi
1189 933 1299 996 quendu-

203 1024 252 1073 que
262 1009 375 1073 repientir
385 1009 429 1057 riri
445 1008 537 1066 lihmm,
548 1009 573 1058 in
585 1023 633 1074 quo
644 1008 678 1056 eel
690 1009 719 1056 ed
729 1009 805 1058 rietur
816 1009 941 1060 utilitatem
953 1011 1016 1060 mirie
1034 1012 1145 1060 lnudihux
1155 1012 1299 1062 extollehetr

203 1089 298 1153 elieque
308 1089 379 1153 hujue
390 1089 482 1154 geuerie
493 1089 565 1138 multe
576 1088 677 1154 reperire
689 1089 745 1138 licet
761 1089 869 1138 laudibus
887 1091 1013 1142 celehmte.
1047 1091 1076 1139 ln
1086 1091 1123 1141 hie
1135 1093 1214 1156 iteque
1225 1093 1300 1142 etudi-

202 1185 245 1218 oec
257 1171 351 1227 reneri,
362 1170 471 1218 Amorem
482 1185 546 1227 veru,
558 1177 649 1218 tentum
667 1169 747 1225 deum,
758 1184 773 1216 e
792 1169 857 1217 nullo
876 1172 954 1220 edhuc
972 1173 997 1220 iu
1016 1173 1079 1220 hunc
1098 1187 1173 1236 uequc
1183 1175 1246 1223 diem
1257 1190 1301 1239 pro

205 1249 321 1313 dignitate
331 1251 431 1306 leuderi,
441 1250 482 1298 eed
492 1265 567 1314 neque
577 1249 706 1306 contemni,
714 1250 754 1298 cui
766 1265 814 1297 non
822 1249 981 1313 grevirximum
989 1251 1099 1300 videtur?
1132 1252 1196 1302 Mihi
1203 1253 1300 1316 quidem

202 1329 281 1378 oretio
292 1330 342 1377 hec
355 1329 447 1378 Pueert
457 1343 511 1377 rere
522 1329 623 1378 ridetur.
656 1329 736 1386 Qurre
754 1337 780 1377 et
794 1329 849 1378 huic
865 1345 950 1379 munuc
965 1331 991 1380 id
1007 1331 1112 1380 conferre
1131 1332 1301 1397 gretiicerique

203 1410 293 1474 cupior
310 1415 335 1457 et
350 1407 429 1456 Deum
449 1409 513 1457 hunc
529 1409 637 1458 bonomi
656 1423 671 1457 e
689 1409 855 1458 nohiedeoeur
873 1425 925 1458 eeee
943 1425 1038 1459 ceueeo.
1071 1409 1144 1467 Quod
1161 1411 1181 1458 ei
1200 1412 1301 1460 etrohix

204 1490 306 1544 ridetur,
318 1503 421 1552 congrue
431 1487 563 1552 dixputetio
575 1488 635 1537 inter
645 1504 689 1537 noe
699 1488 795 1552 orietur,
804 1488 948 1538 leudrnduru
966 1490 1057 1555 quippe
1076 1491 1186 1540 Amorem
1197 1491 1228 1539 nh
1240 1505 1300 1540 uuo·

204 1585 301 1633 quoque
312 1576 414 1616 nochum
426 1583 468 1632 pm
479 1568 565 1617 viribon
576 1569 672 1617 erbitror
680 1570 711 1618 ed
722 1570 841 1618 dexterum
851 1570 948 1618 elterum
958 1569 1018 1619 elioe
1029 1571 1142 1635 deincep·
1156 1570 1208 1620 eliis
1218 1587 1300 1620 encoe-

204 1649 294 1698 dendc.
310 1648 410 1714 incipiet
419 1657 497 1698 eutem
508 1650 632 1710 Phedmx,
641 1665 695 1698 cum
706 1657 731 1698 et
742 1651 830 1714 primur
840 1651 921 1699 xedeet
931 1660 956 1698 et
967 1650 1038 1715 lmjue
1053 1651 1084 1700 eit
1095 1651 1206 1700 eermonir
1218 1651 1301 1700 iuren-

202 1737 249 1779 tor.
281 1729 343 1779 Tum
362 1729 478 1787 Socretoe,
489 1729 576 1778 Nullue
595 1729 647 1786 tihi,
658 1745 674 1777 o
686 1729 852 1794 Eryximeehe,
867 1740 1016 1794 reposceret.
1033 1747 1079 1794 ego
1097 1731 1160 1780 euim
1179 1730 1222 1795 qui
1239 1731 1300 1780 ixtuc

204 1827 335 1876 renuerem,
346 1827 398 1860 oum
410 1811 467 1859 nihil
480 1819 563 1874 preter
573 1809 686 1858 emetorie
696 1811 754 1858 eeire
766 1811 891 1873 proiitexri
908 1827 953 1860 nec
963 1812 1034 1860 etiem
1045 1811 1158 1876 Agethon
1175 1820 1200 1860 et
1212 1813 1300 1862 Peuee·

202 1893 254 1940 nixr
265 1893 458 1950 edverunhuutur,
468 1901 493 1940 et
501 1887 672 1955 Arietopheuee
684 1891 757 1939 multo
769 1891 855 1948 minue,
865 1890 934 1955 cujux
945 1907 1015 1940 omue
1021 1893 1124 1940 etodium
1134 1892 1197 1942 circe
1202 1892 1299 1958 Diony·

204 1971 263 2020 eiuro
273 1971 438 2036 Veneremque
449 1981 568 2033 vereetur3
585 1987 629 2020 uec
641 1969 701 2020 elice
713 1971 774 2020 ullor
785 1987 875 2032 eorum,
886 1987 945 2036 quor
957 1987 1020 2021 nuuc
1031 1973 1132 2024 intueor.
1156 1974 1298 2038 Quenquem

202 2067 253 2100 nou
265 2067 332 2115 reque
342 2067 391 2101 eom
401 2051 469 2100 nobie
481 2053 574 2116 outtgir,
584 2051 626 2118 qui
638 2053 734 2102 extremi
752 2051 927 2100 discumbimus.
945 2067 998 2100 nem
1014 2053 1034 2101 ei
1053 2055 1140 2115 priores
1155 2054 1213 2103 ecite
1223 2055 1299 2103 ebun-

204 2133 282 2196 deque
293 2132 402 2190 dixerint,
413 2141 450 2180 eet
460 2133 529 2182 nobie
539 2133 592 2184 erit.
627 2133 716 2182 Verum
732 2133 845 2182 Phedrue
855 2132 965 2181 ieiicihue
976 2133 1087 2197 curpieiir
1095 2133 1146 2198 jem
1156 2133 1297 2192 exordietur,

204 2212 362 2277 Amoremque
381 2212 488 2262 honoret.
520 2213 566 2262 iiix
584 2227 676 2269 omuee,
693 2228 746 2277 que
765 2213 872 2260 Sometee
890 2213 990 2270 dixeret,
1009 2229 1136 2276 enecuere,
1146 2213 1298 2279 eimiiiterque

200 2292 330 2355 juxreruut.
348 2293 421 2358 [178]
438 2293 537 2358 Singole
545 2309 600 2343 vero
611 2294 753 2358 eiugulomm
762 2293 828 2341 dicte
837 2307 882 2342 nec
893 2291 1057 2350 Arietodemue
1065 2293 1175 2342 memorie
1185 2295 1298 2355 teuehet;

204 2387 249 2423 nec
259 2389 315 2438 ego,
322 2389 377 2438 quoe
389 2374 429 2424 ille
440 2373 565 2432 reoeuruit,
575 2373 666 2438 ringule
678 2382 756 2423 teneo.
773 2389 853 2422 eurum
864 2373 936 2437 igitur
945 2374 1075 2422 cretionem
1088 2373 1153 2422 uobir
1163 2389 1227 2424 nunc
1238 2374 1298 2423 rele-

203 2467 261 2511 rem,
272 2455 314 2518 qui
324 2461 453 2502 memoretu
464 2455 537 2517 digne
553 2455 670 2502 dixemut.
704 2453 824 2518 Principio
835 2454 944 2502 dixemnt
954 2454 1079 2502 Phedrum
1090 2455 1153 2503 irone
1163 2453 1189 2502 iu
1201 2455 1297 2504 modum

202 2549 309 2582 exoreum
327 2533 409 2582 iuixee.
441 2534 544 2598 Magnus
563 2533 631 2582 Deue
647 2541 684 2582 ert
694 2533 776 2592 Amor,
786 2541 812 2582 et
829 2535 893 2598 epud
911 2533 979 2583 Dece
997 2535 1150 2598 hominesque
1169 2533 1297 2593 mirender,

202 2631 256 2663 eum
270 2625 365 2679 propter
375 2615 422 2664 elie
433 2615 514 2671 multe,
527 2623 575 2662 tune
586 2614 685 2662 mexime
695 2622 789 2678 propter
800 2613 852 2677 ejux
867 2614 989 2679 originem.
1004 2630 1058 2664 cum
1069 2615 1131 2663 enim
1141 2630 1171 2662 er
1181 2614 1296 2677 entiquie·

204 2695 314 2743 rimorum
331 2693 436 2744 Deorum
452 2709 549 2742 numero
565 2695 605 2753 eit,
616 2695 703 2742 houore
722 2694 809 2758 dignu·
824 2702 931 2758 epperet.
964 2695 993 2742 id
1011 2703 1090 2742 eutem
1109 2710 1138 2743 ex
1153 2709 1184 2742 eo
1195 2703 1296 2750 courtet,

203 2776 268 2840 quod
281 2783 390 2840 pereuter
401 2773 494 2824 Amoris
505 2790 518 2822 e
529 2775 596 2824 nullo
604 2775 640 2824 rel
653 2774 727 2839 polite
738 2775 775 2824 rel
785 2774 833 2824 elio
843 2775 926 2838 quorie
935 2774 1047 2840 descripti
1059 2782 1122 2824 euch
1153 2775 1200 2824 Sed
1211 2773 1298 2824 Herio·

203 2856 252 2903 dur
265 2853 383 2919 principio
395 2856 473 2905 Cheoe
483 2855 600 2905 uetihme
610 2856 647 2904 hie
658 2857 734 2904 eerbie
748 2855 848 2905 mxerit:
867 2856 943 2906 Terre
959 2857 1037 2920 erepto
1052 2857 1191 2920 rtuhiiieqtte
1205 2870 1297 2920 temper

202 2937 308 2986 omnim
317 2938 391 2991 ceder,
401 2941 472 3000 utque
480 2938 572 2988 Amor:
590 2943 645 3001 poet
660 2936 739 2985 curos
749 2936 861 2986 videlicet
871 2951 974 2985 exuerem
984 2937 1033 2984 duo
1043 2936 1094 2984 hec
1104 2935 1228 3000 exeritixxe,
1238 2935 1295 2984 Ter-

202 3031 251 3064 rem
263 3023 334 3081 etque
344 3015 463 3066 Amorem.
496 3015 648 3065 Permeoidce
658 3023 737 3065 eutem
748 3017 779 3065 do
800 3017 949 3080 gouemtioue
968 3015 1030 3065 illiur
1044 3016 1122 3081 iuquit
1134 3033 1141 3066 ε
1158 3018 1223 3068 Ante
1234 3017 1297 3066 um

202 3113 282 3148 enuere
293 3098 396 3162 prim
412 3097 666 3159 germereium
698 3096 823 3146 Acuxiieux
838 3112 933 3161 quoque
948 3112 1002 3146 eum
1018 3097 1124 3147 Heriodo
1135 3097 1221 3146 rentire
1230 3096 1296 3145 uide·

202 3189 249 3228 tur.
283 3177 364 3242 Atque
383 3177 416 3225 ite
434 3177 529 3241 pereim,
545 3174 656 3224 Amorem
675 3193 702 3226 ex
723 3177 889 3240 entiquierimix
905 3193 966 3233 eree,
981 3177 1126 3226 conceditur.
1159 3175 1220 3226 Cum
1239 3191 1294 3224 vero

202 3258 256 3306 telix
266 3259 305 3314 rit,
317 3258 468 3306 maximorum
484 3259 597 3304 honorum
617 3256 686 3305 uobix
704 3264 741 3304 eet
756 3272 836 3306 ceuee.
867 3256 930 3305 Nem
941 3256 997 3320 quid
1009 3256 1092 3304 meliux
1102 3256 1209 3304 recidere
1221 3255 1296 3318 poerit

201 3338 346 3394 edolerteuti
357 3353 427 3402 quem
439 3336 651 3400 optimueemetor3
668 3344 710 3384 eut
715 3337 821 3398 educturi,
828 3351 898 3399 quem
907 3343 997 3383 emetur
1007 3335 1120 3398 optimus,
1130 3349 1178 3380 nou
1189 3332 1294 3382 invenio.

201 3417 259 3466 Duo
271 3418 366 3482 quidem
376 3426 440 3482 eunt,
449 3431 530 3482 qume
545 3414 645 3480 pueritie
663 3430 705 3480 per
721 3431 815 3463 omnem
827 3415 898 3464 ritem
915 3416 1001 3464 ducere
1017 3414 1083 3462 illum
1097 3415 1194 3469 dehent,
1211 3412 1253 3476 qui
1264 3412 1296 3460 eit

201 3498 312 3563 prmclnre
322 3497 440 3548 ricimer:
458 3498 482 3545 iu
494 3498 561 3546 rehue
571 3496 680 3561 turpihur
691 3495 840 3552 verecundie,
851 3495 955 3544 honextir
966 3495 1079 3544 etudium.
1095 3495 1146 3542 hec
1157 3501 1235 3541 eutem
1250 3507 1294 3540 uo-

200 3579 237 3629 bu
248 3594 325 3643 neque
336 3594 410 3642 genue
420 3593 496 3642 neque
507 3577 596 3626 divitie
607 3591 685 3641 neque
696 3578 796 3626 honore·
806 3584 914 3640 praetere
923 3575 996 3624 citiux
1006 3589 1035 3624 ec
1047 3573 1130 3622 meliue
1140 3587 1210 3637 quem
1229 3586 1295 3622 emor

200 3667 307 3724 ponunt.
323 3675 400 3723 neque
410 3659 499 3722 ebxque
510 3657 546 3707 hie
556 3659 650 3707 duohue
660 3665 702 3706 eut
717 3657 800 3707 civiter
812 3671 913 3722 unquem
930 3662 972 3702 eut
989 3655 1093 3720 privetur
1105 3653 1240 3719 prmoiemm
1250 3653 1293 3701 eli·

201 3739 297 3806 quidet
308 3740 456 3804 megnificum
475 3739 588 3802 perlicere
606 3739 700 3803 poterit.
732 3739 818 3786 Aexero
829 3737 938 3801 equidem
949 3742 1085 3797 emetorcrn,
1096 3735 1116 3782 oi
1126 3743 1193 3798 turpe
1203 3733 1292 3798 eliquid

200 3835 270 3884 egere
281 3819 317 3868 rel
329 3819 379 3883 peti
390 3819 421 3867 eh
431 3819 510 3884 eliquu
522 3834 563 3883 per
574 3819 691 3884 igueriem
702 3835 747 3868 nec
760 3833 890 3882 repugnare
901 3826 926 3865 et
934 3815 1015 3866 ulcisci
1027 3815 1216 3880 deprehendetur
1227 3831 1293 3864 reue

200 3910 267 3963 petre
275 3901 325 3950 eive
335 3901 366 3947 eb
374 3900 454 3949 rmleie
465 3899 515 3950 xire
526 3901 556 3948 eh
566 3900 614 3948 elio
624 3900 708 3964 quoeix
718 3900 823 3957 homine,
834 3899 896 3946 hemi
909 3905 956 3944 tem
967 3897 1115 3945 uehementer
1125 3897 1180 3959 engi
1191 3909 1261 3958 quem
1272 3895 1293 3944 ri

197 3979 298 4028 iorteeh
309 3987 388 4028 emeto
398 3980 619 4046 deprehenderetur.
652 3980 764 4029 Similiter
780 3979 953 4028 eduleecentem
971 3986 1027 4025 tunc
1046 3976 1145 4024 mexime
1155 3976 1293 4024 erubeecore

200 4060 326 4118 cernimur,
335 4075 389 4109 cum
401 4067 489 4108 emetur
499 4077 553 4110 eum
570 4069 638 4124 turpe
656 4062 715 4126 quid
727 4060 911 4110 committentem
923 4057 1033 4106 offendit.
1066 4056 1091 4104 Si
1102 4071 1150 4120 quo
1162 4064 1232 4118 pecto
1242 4054 1292 4102 deri

201 4138 284 4188 eiritee
294 4138 331 4185 rel
342 4140 456 4187 exercitur
467 4147 546 4202 pueeet
557 4141 640 4202 pertim
650 4157 680 4189 ex
697 4141 743 4203 hie,
756 4141 798 4203 qui
812 4147 899 4195 ement,
911 4137 995 4202 pertim
1005 4153 1035 4185 ex
1055 4137 1103 4197 hie,
1117 4135 1159 4200 qui
1170 4143 1292 4196 ementur3

201 4233 271 4284 cupre
281 4233 351 4282 quem
360 4217 408 4266 dici
420 4218 504 4282 poenit,
514 4219 604 4266 lortiter
620 4229 716 4284 egerent
732 4219 965 4283 edmiuixtrerentque
981 4216 1084 4281 eingule,
1095 4217 1151 4264 dum
1168 4230 1210 4280 per
1227 4230 1292 4265 rere·

201 4298 311 4350 cundiem
322 4313 337 4345 e
348 4297 454 4360 turpihue
464 4298 609 4347 ebetincreut
626 4309 652 4348 et
669 4303 698 4349 ed
715 4302 823 4356 honeste,
834 4299 901 4364 qumi
912 4300 1013 4364 quedem
1025 4296 1182 4354 aemuietionc,
1193 4303 1292 4344 couten-

201 4381 299 4429 demut:
326 4377 399 4442 [179]
416 4377 521 4442 teleeque
540 4379 646 4428 lrominee
668 4381 704 4429 rel
727 4381 796 4444 peuci
815 4395 912 4428 nurnero
935 4380 1063 4436 uuivereor,
1084 4385 1111 4424 ut
1131 4377 1164 4424 ite
1184 4376 1292 4433 dixerim,

201 4459 307 4509 honriuex
327 4458 408 4522 proelio
425 4467 568 4523 euperereut.
585 4469 674 4509 eruetur
685 4476 740 4509 eene
762 4460 799 4508 vel
817 4462 922 4509 deserere
939 4459 1043 4507 ordinem
1064 4457 1101 4506 vei
1115 4471 1178 4506 erme
1189 4457 1293 4521 ehjlcere

200 4555 277 4588 eurem
289 4549 376 4600 emeto,
385 4539 545 4590 vehementiue
556 4553 626 4605 quem
641 4556 718 4590 comm
730 4540 822 4590 cunctie
832 4539 883 4588 eliix
899 4539 1035 4590 hominibur
1048 4539 1202 4590 eruhceceret.
1219 4537 1291 4586 imme

266 4619 332 4669 Pur.
344 4620 386 4670 Tr.
790 4621 813 4673 l.
1176 4625 1192 4670 2
1208 4617 1229 4666 E
