<?xml version="1.0" encoding="UTF-8"?>
<!DOCTYPE html PUBLIC "-//W3C//DTD XHTML 1.0 Transitional//EN"
    "http://www.w3.org/TR/xhtml1/DTD/xhtml1-transitional.dtd">
<html xmlns="http://www.w3.org/1999/xhtml" xml:lang="en" lang="en">
 <head>
  <title>
</title>
<meta http-equiv="Content-Type" content="text/html;charset=utf-8" />
  <meta name='ocr-system' content='tesseract 3.04.00' />
  <meta name='ocr-capabilities' content='ocr_page ocr_carea ocr_par ocr_line ocrx_word'/>
</head>
<body>
  <div class='ocr_page' id='page_1' title='image "./platonisetquaev06bekkgoog_0024.png"; bbox 0 0 3174 5322; ppageno 0'>
   <div class='ocr_carea' id='block_1_1' title="bbox 133 499 1226 580">
    <p class='ocr_par' dir='ltr' id='par_1_1' title="bbox 133 499 1226 580">
     <span class='ocr_line' id='line_1_1' title="bbox 133 499 1226 580; baseline -0.009 -17"><span class='ocrx_word' id='word_1_1' title='bbox 133 499 208 580; x_wconf 78' lang='lat' dir='ltr'>om]</span> <span class='ocrx_word' id='word_1_2' title='bbox 437 537 445 546; x_wconf 84' lang='lat'><em>-</em></span> <span class='ocrx_word' id='word_1_3' title='bbox 567 499 783 562; x_wconf 72' lang='lat' dir='ltr'>innocue.</span> <span class='ocrx_word' id='word_1_4' title='bbox 1191 507 1226 566; x_wconf 71' lang='grc' dir='ltr'>ῃ</span> 
     </span>
    </p>
   </div>
   <div class='ocr_carea' id='block_1_2' title="bbox 71 655 1230 4505">
    <p class='ocr_par' dir='ltr' id='par_1_2' title="bbox 71 655 1230 4505">
     <span class='ocr_line' id='line_1_2' title="bbox 133 655 1229 726; baseline 0.005 -22"><span class='ocrx_word' id='word_1_5' title='bbox 133 657 224 721; x_wconf 84' lang='lat' dir='ltr'>aliquo,</span> <span class='ocrx_word' id='word_1_6' title='bbox 243 671 271 705; x_wconf 85' lang='lat' dir='ltr'>ea</span> <span class='ocrx_word' id='word_1_7' title='bbox 288 655 404 721; x_wconf 85' lang='lat' dir='ltr'>principio</span> <span class='ocrx_word' id='word_1_8' title='bbox 423 655 507 720; x_wconf 83' lang='lat' dir='ltr'>ntique</span> <span class='ocrx_word' id='word_1_9' title='bbox 524 669 572 703; x_wconf 84' lang='lat' dir='ltr'>nou</span> <span class='ocrx_word' id='word_1_10' title='bbox 591 655 696 704; x_wconf 85' lang='lat' dir='ltr'>oriretur.</span> <span class='ocrx_word' id='word_1_11' title='bbox 729 655 790 705; x_wconf 77' lang='lat' dir='ltr'>Cum</span> <span class='ocrx_word' id='word_1_12' title='bbox 809 671 865 704; x_wconf 81' lang='lat' dir='ltr'>vero</span> <span class='ocrx_word' id='word_1_13' title='bbox 882 656 913 705; x_wconf 82' lang='lat' dir='ltr'>alt</span> <span class='ocrx_word' id='word_1_14' title='bbox 928 657 1016 722; x_wconf 82' lang='lat' dir='ltr'>absque</span> <span class='ocrx_word' id='word_1_15' title='bbox 1034 665 1095 718; x_wconf 89' lang='lat' dir='ltr'>ortu,</span> <span class='ocrx_word' id='word_1_16' title='bbox 1106 665 1131 709; x_wconf 86' lang='lat' dir='ltr'>ot</span> <span class='ocrx_word' id='word_1_17' title='bbox 1141 662 1229 726; x_wconf 76' lang='lat' dir='ltr'>atnqne</span> 
     </span>
     <span class='ocr_line' id='line_1_3' title="bbox 133 735 1230 804; baseline 0.004 -18"><span class='ocrx_word' id='word_1_18' title='bbox 133 738 229 786; x_wconf 84' lang='lat' dir='ltr'>interitu</span> <span class='ocrx_word' id='word_1_19' title='bbox 238 738 269 785; x_wconf 84' lang='lat' dir='ltr'>sit</span> <span class='ocrx_word' id='word_1_20' title='bbox 277 751 374 786; x_wconf 84' lang='lat' dir='ltr'>necesse</span> <span class='ocrx_word' id='word_1_21' title='bbox 385 743 430 786; x_wconf 86' lang='lat' dir='ltr'>est.</span> <span class='ocrx_word' id='word_1_22' title='bbox 457 751 512 786; x_wconf 90' lang='lat' dir='ltr'>nasu</span> <span class='ocrx_word' id='word_1_23' title='bbox 523 737 542 785; x_wconf 86' lang='lat' dir='ltr'>si</span> <span class='ocrx_word' id='word_1_24' title='bbox 554 735 693 800; x_wconf 85' lang='lat' dir='ltr'>principium</span> <span class='ocrx_word' id='word_1_25' title='bbox 703 736 817 794; x_wconf 84' lang='lat' dir='ltr'>interiret,</span> <span class='ocrx_word' id='word_1_26' title='bbox 826 740 903 802; x_wconf 83' lang='lat' dir='ltr'>u&#39;cque</span> <span class='ocrx_word' id='word_1_27' title='bbox 914 737 991 801; x_wconf 86' lang='lat' dir='ltr'>ipsum</span> <span class='ocrx_word' id='word_1_28' title='bbox 1003 753 1031 787; x_wconf 79' lang='lat' dir='ltr'>es</span> <span class='ocrx_word' id='word_1_29' title='bbox 1043 737 1101 803; x_wconf 83' lang='lat' dir='ltr'>ulio,</span> <span class='ocrx_word' id='word_1_30' title='bbox 1110 755 1188 804; x_wconf 86' lang='lat' dir='ltr'>neque</span> <span class='ocrx_word' id='word_1_31' title='bbox 1200 757 1230 790; x_wconf 78' lang='lat' dir='ltr'>en</span> 
     </span>
     <span class='ocr_line' id='line_1_4' title="bbox 132 817 1228 884; baseline 0.005 -20"><span class='ocrx_word' id='word_1_32' title='bbox 132 817 186 880; x_wconf 83' lang='lat' dir='ltr'>ipso</span> <span class='ocrx_word' id='word_1_33' title='bbox 197 818 261 866; x_wconf 88' lang='lat' dir='ltr'>aliud</span> <span class='ocrx_word' id='word_1_34' title='bbox 279 823 427 866; x_wconf 79' lang='lat' dir='ltr'>usscereture</span> <span class='ocrx_word' id='word_1_35' title='bbox 445 817 561 883; x_wconf 85' lang='lat' dir='ltr'>siquidem</span> <span class='ocrx_word' id='word_1_36' title='bbox 582 833 611 866; x_wconf 85' lang='lat' dir='ltr'>ex</span> <span class='ocrx_word' id='word_1_37' title='bbox 631 817 748 884; x_wconf 84' lang='lat' dir='ltr'>priucipio</span> <span class='ocrx_word' id='word_1_38' title='bbox 767 817 847 865; x_wconf 87' lang='lat' dir='ltr'>munia</span> <span class='ocrx_word' id='word_1_39' title='bbox 865 817 970 866; x_wconf 88' lang='lat' dir='ltr'>oriantur</span> <span class='ocrx_word' id='word_1_40' title='bbox 983 825 1085 881; x_wconf 78' lang='lat' dir='ltr'><strong>oportet.</strong></span> <span class='ocrx_word' id='word_1_41' title='bbox 1117 819 1156 869; x_wconf 73' lang='lat' dir='ltr'>Sic</span> <span class='ocrx_word' id='word_1_42' title='bbox 1173 836 1228 884; x_wconf 78' lang='lat' dir='ltr'>erqo</span> 
     </span>
     <span class='ocr_line' id='line_1_5' title="bbox 131 898 1226 964; baseline 0.005 -19"><span class='ocrx_word' id='word_1_43' title='bbox 131 898 273 962; x_wconf 87' lang='lat' dir='ltr'>principium</span> <span class='ocrx_word' id='word_1_44' title='bbox 282 907 361 946; x_wconf 88' lang='lat' dir='ltr'>motus</span> <span class='ocrx_word' id='word_1_45' title='bbox 371 904 416 955; x_wconf 85' lang='lat' dir='ltr'>est,</span> <span class='ocrx_word' id='word_1_46' title='bbox 426 899 490 961; x_wconf 87' lang='lat' dir='ltr'>quod</span> <span class='ocrx_word' id='word_1_47' title='bbox 508 898 610 962; x_wconf 82' lang='lat' dir='ltr'>reipsum</span> <span class='ocrx_word' id='word_1_48' title='bbox 621 905 709 948; x_wconf 80' lang='lat' dir='ltr'>moret.</span> <span class='ocrx_word' id='word_1_49' title='bbox 742 899 787 946; x_wconf 84' lang='lat' dir='ltr'>hoc</span> <span class='ocrx_word' id='word_1_50' title='bbox 806 905 884 946; x_wconf 87' lang='lat' dir='ltr'>sutem</span> <span class='ocrx_word' id='word_1_51' title='bbox 899 913 978 962; x_wconf 86' lang='lat' dir='ltr'>neque</span> <span class='ocrx_word' id='word_1_52' title='bbox 994 899 1052 946; x_wconf 87' lang='lat' dir='ltr'>mori</span> <span class='ocrx_word' id='word_1_53' title='bbox 1070 913 1148 964; x_wconf 85' lang='lat' dir='ltr'>neque</span> <span class='ocrx_word' id='word_1_54' title='bbox 1160 901 1226 951; x_wconf 78' lang='lat' dir='ltr'>nesci</span> 
     </span>
     <span class='ocr_line' id='line_1_6' title="bbox 131 977 1228 1046; baseline 0.005 -22"><span class='ocrx_word' id='word_1_55' title='bbox 131 985 218 1040; x_wconf 85' lang='lat' dir='ltr'>potest.</span> <span class='ocrx_word' id='word_1_56' title='bbox 234 979 340 1043; x_wconf 65' lang='lat' dir='ltr'>dimin</span> <span class='ocrx_word' id='word_1_57' title='bbox 352 993 421 1026; x_wconf 88' lang='lat' dir='ltr'>omne</span> <span class='ocrx_word' id='word_1_58' title='bbox 431 977 524 1035; x_wconf 69' lang='lat' dir='ltr'>mlum,</span> <span class='ocrx_word' id='word_1_59' title='bbox 535 978 658 1042; x_wconf 86' lang='lat' dir='ltr'>omnisque</span> <span class='ocrx_word' id='word_1_60' title='bbox 668 979 788 1041; x_wconf 75' lang='lat' dir='ltr'>generetiu</span> <span class='ocrx_word' id='word_1_61' title='bbox 798 977 909 1026; x_wconf 89' lang='lat' dir='ltr'>concidat</span> <span class='ocrx_word' id='word_1_62' title='bbox 924 977 1064 1046; x_wconf 69' lang='lat' dir='ltr'>dalnatque</span> <span class='ocrx_word' id='word_1_63' title='bbox 1076 993 1171 1029; x_wconf 86' lang='lat' dir='ltr'>necesse</span> <span class='ocrx_word' id='word_1_64' title='bbox 1181 990 1228 1044; x_wconf 87' lang='lat' dir='ltr'>est,</span> 
     </span>
     <span class='ocr_line' id='line_1_7' title="bbox 130 1058 1228 1124; baseline 0.005 -19"><span class='ocrx_word' id='word_1_65' title='bbox 130 1073 207 1124; x_wconf 87' lang='lat' dir='ltr'>neque</span> <span class='ocrx_word' id='word_1_66' title='bbox 215 1073 293 1107; x_wconf 83' lang='lat' dir='ltr'>rursus</span> <span class='ocrx_word' id='word_1_67' title='bbox 302 1073 406 1123; x_wconf 73' lang='lat' dir='ltr'>uuquam</span> <span class='ocrx_word' id='word_1_68' title='bbox 417 1065 523 1107; x_wconf 88' lang='lat' dir='ltr'>constare</span> <span class='ocrx_word' id='word_1_69' title='bbox 534 1058 617 1122; x_wconf 86' lang='lat' dir='ltr'>possit,</span> <span class='ocrx_word' id='word_1_70' title='bbox 625 1059 689 1106; x_wconf 85' lang='lat' dir='ltr'>uude</span> <span class='ocrx_word' id='word_1_71' title='bbox 697 1060 749 1107; x_wconf 74' lang='lat' dir='ltr'>hec</span> <span class='ocrx_word' id='word_1_72' title='bbox 758 1065 847 1107; x_wconf 89' lang='lat' dir='ltr'>motum</span> <span class='ocrx_word' id='word_1_73' title='bbox 858 1065 929 1107; x_wconf 78' lang='lat' dir='ltr'>nsets</span> <span class='ocrx_word' id='word_1_74' title='bbox 939 1059 1051 1108; x_wconf 80' lang='lat' dir='ltr'>orientur.</span> <span class='ocrx_word' id='word_1_75' title='bbox 1084 1059 1146 1109; x_wconf 86' lang='lat' dir='ltr'>Cum</span> <span class='ocrx_word' id='word_1_76' title='bbox 1155 1061 1228 1124; x_wconf 69' lang='lat' dir='ltr'>igitur</span> 
     </span>
     <span class='ocr_line' id='line_1_8' title="bbox 131 1137 1227 1202; baseline 0.005 -17"><span class='ocrx_word' id='word_1_77' title='bbox 131 1146 253 1202; x_wconf 83' lang='lat' dir='ltr'>apperest,</span> <span class='ocrx_word' id='word_1_78' title='bbox 269 1137 399 1187; x_wconf 72' lang='lat' dir='ltr'>immortale</span> <span class='ocrx_word' id='word_1_79' title='bbox 416 1153 477 1195; x_wconf 87' lang='lat' dir='ltr'>esse,</span> <span class='ocrx_word' id='word_1_80' title='bbox 494 1139 558 1202; x_wconf 89' lang='lat' dir='ltr'>quod</span> <span class='ocrx_word' id='word_1_81' title='bbox 578 1154 604 1187; x_wconf 88' lang='lat' dir='ltr'>sc</span> <span class='ocrx_word' id='word_1_82' title='bbox 620 1137 698 1202; x_wconf 86' lang='lat' dir='ltr'>ipsum</span> <span class='ocrx_word' id='word_1_83' title='bbox 715 1145 802 1197; x_wconf 80' lang='lat' dir='ltr'>movet,</span> <span class='ocrx_word' id='word_1_84' title='bbox 817 1139 901 1188; x_wconf 75' lang='lat' dir='ltr'>animm</span> <span class='ocrx_word' id='word_1_85' title='bbox 915 1139 1067 1188; x_wconf 80' lang='lat' dir='ltr'>substentlam</span> <span class='ocrx_word' id='word_1_86' title='bbox 1079 1149 1103 1188; x_wconf 92' lang='lat' dir='ltr'>et</span> <span class='ocrx_word' id='word_1_87' title='bbox 1113 1141 1227 1190; x_wconf 85' lang='lat' dir='ltr'>rationem</span> 
     </span>
     <span class='ocr_line' id='line_1_9' title="bbox 129 1218 1228 1283; baseline 0.005 -18"><span class='ocrx_word' id='word_1_88' title='bbox 129 1219 191 1266; x_wconf 79' lang='lat' dir='ltr'>haue</span> <span class='ocrx_word' id='word_1_89' title='bbox 201 1219 277 1281; x_wconf 82' lang='lat' dir='ltr'>ipsum</span> <span class='ocrx_word' id='word_1_90' title='bbox 287 1219 328 1282; x_wconf 90' lang='lat' dir='ltr'>qui</span> <span class='ocrx_word' id='word_1_91' title='bbox 340 1219 434 1274; x_wconf 76' lang='lat' dir='ltr'>dixerit,</span> <span class='ocrx_word' id='word_1_92' title='bbox 444 1233 492 1266; x_wconf 90' lang='lat' dir='ltr'>uon</span> <span class='ocrx_word' id='word_1_93' title='bbox 503 1219 633 1268; x_wconf 87' lang='lat' dir='ltr'>erubescet.</span> <span class='ocrx_word' id='word_1_94' title='bbox 667 1233 736 1267; x_wconf 91' lang='lat' dir='ltr'>omue</span> <span class='ocrx_word' id='word_1_95' title='bbox 746 1218 810 1267; x_wconf 88' lang='lat' dir='ltr'>enim</span> <span class='ocrx_word' id='word_1_96' title='bbox 820 1235 915 1283; x_wconf 90' lang='lat' dir='ltr'>eorpus,</span> <span class='ocrx_word' id='word_1_97' title='bbox 934 1219 973 1268; x_wconf 90' lang='lat' dir='ltr'>cui</span> <span class='ocrx_word' id='word_1_98' title='bbox 991 1228 1069 1268; x_wconf 88' lang='lat' dir='ltr'>motus</span> <span class='ocrx_word' id='word_1_99' title='bbox 1083 1221 1228 1271; x_wconf 80' lang='lat' dir='ltr'>extrinsecus</span> 
     </span>
     <span class='ocr_line' id='line_1_10' title="bbox 130 1297 1227 1366; baseline 0.005 -21"><span class='ocrx_word' id='word_1_100' title='bbox 130 1298 225 1361; x_wconf 82' lang='lat' dir='ltr'>incidit,</span> <span class='ocrx_word' id='word_1_101' title='bbox 240 1297 344 1348; x_wconf 88' lang='lat' dir='ltr'>insuime</span> <span class='ocrx_word' id='word_1_102' title='bbox 354 1308 407 1348; x_wconf 80' lang='lat' dir='ltr'>cst:</span> <span class='ocrx_word' id='word_1_103' title='bbox 425 1299 601 1348; x_wconf 83' lang='lat' dir='ltr'>cuiserolntus</span> <span class='ocrx_word' id='word_1_104' title='bbox 612 1315 641 1348; x_wconf 86' lang='lat' dir='ltr'>ea</span> <span class='ocrx_word' id='word_1_105' title='bbox 657 1316 683 1348; x_wconf 88' lang='lat' dir='ltr'>sc</span> <span class='ocrx_word' id='word_1_106' title='bbox 694 1301 746 1363; x_wconf 88' lang='lat' dir='ltr'>ipso</span> <span class='ocrx_word' id='word_1_107' title='bbox 763 1299 788 1348; x_wconf 89' lang='lat' dir='ltr'>id</span> <span class='ocrx_word' id='word_1_108' title='bbox 804 1299 875 1356; x_wconf 82' lang='lat' dir='ltr'>lueet,</span> <span class='ocrx_word' id='word_1_109' title='bbox 891 1299 1028 1358; x_wconf 83' lang='lat' dir='ltr'>unimatum,</span> <span class='ocrx_word' id='word_1_110' title='bbox 1045 1309 1156 1366; x_wconf 89' lang='lat' dir='ltr'>tauqusm</span> <span class='ocrx_word' id='word_1_111' title='bbox 1173 1304 1227 1360; x_wconf 78' lang='lat' dir='ltr'>hmo</span> 
     </span>
     <span class='ocr_line' id='line_1_11' title="bbox 130 1379 1227 1448; baseline 0.004 -22"><span class='ocrx_word' id='word_1_112' title='bbox 130 1379 214 1426; x_wconf 75' lang='lat' dir='ltr'>anime</span> <span class='ocrx_word' id='word_1_113' title='bbox 223 1387 308 1428; x_wconf 88' lang='lat' dir='ltr'>ustura</span> <span class='ocrx_word' id='word_1_114' title='bbox 318 1379 356 1428; x_wconf 88' lang='lat' dir='ltr'>sit.</span> <span class='ocrx_word' id='word_1_115' title='bbox 377 1379 440 1444; x_wconf 88' lang='lat' dir='ltr'>quod</span> <span class='ocrx_word' id='word_1_116' title='bbox 450 1379 470 1427; x_wconf 79' lang='lat' dir='ltr'>si</span> <span class='ocrx_word' id='word_1_117' title='bbox 480 1379 514 1427; x_wconf 86' lang='lat' dir='ltr'>ita</span> <span class='ocrx_word' id='word_1_118' title='bbox 524 1385 567 1436; x_wconf 88' lang='lat' dir='ltr'>est,</span> <span class='ocrx_word' id='word_1_119' title='bbox 580 1380 653 1448; x_wconf 68' lang='lat' dir='ltr'>[ild]</span> <span class='ocrx_word' id='word_1_120' title='bbox 666 1387 750 1428; x_wconf 91' lang='lat' dir='ltr'>utnon</span> <span class='ocrx_word' id='word_1_121' title='bbox 762 1381 792 1428; x_wconf 89' lang='lat' dir='ltr'>sit</span> <span class='ocrx_word' id='word_1_122' title='bbox 802 1379 866 1427; x_wconf 85' lang='lat' dir='ltr'>uliud</span> <span class='ocrx_word' id='word_1_123' title='bbox 877 1381 1015 1444; x_wconf 82' lang='lat' dir='ltr'>quidquem,</span> <span class='ocrx_word' id='word_1_124' title='bbox 1027 1383 1092 1448; x_wconf 88' lang='lat' dir='ltr'>quod</span> <span class='ocrx_word' id='word_1_125' title='bbox 1107 1399 1132 1430; x_wconf 83' lang='lat' dir='ltr'>sc</span> <span class='ocrx_word' id='word_1_126' title='bbox 1148 1383 1227 1447; x_wconf 85' lang='lat' dir='ltr'>lpsum</span> 
     </span>
     <span class='ocr_line' id='line_1_12' title="bbox 131 1459 1227 1525; baseline 0.005 -20"><span class='ocrx_word' id='word_1_127' title='bbox 131 1467 233 1522; x_wconf 71' lang='lat' dir='ltr'>movent,</span> <span class='ocrx_word' id='word_1_128' title='bbox 244 1465 329 1524; x_wconf 76' lang='lat' dir='ltr'>proter</span> <span class='ocrx_word' id='word_1_129' title='bbox 347 1460 458 1515; x_wconf 84' lang='lat' dir='ltr'>enimsm,</span> <span class='ocrx_word' id='word_1_130' title='bbox 474 1461 605 1508; x_wconf 82' lang='lat' dir='ltr'>necessario</span> <span class='ocrx_word' id='word_1_131' title='bbox 616 1459 721 1525; x_wconf 72' lang='lat' dir='ltr'>ingenite</span> <span class='ocrx_word' id='word_1_132' title='bbox 732 1468 757 1509; x_wconf 86' lang='lat' dir='ltr'>et</span> <span class='ocrx_word' id='word_1_133' title='bbox 767 1460 902 1508; x_wconf 86' lang='lat' dir='ltr'>immortulis</span> <span class='ocrx_word' id='word_1_134' title='bbox 913 1469 949 1510; x_wconf 89' lang='lat' dir='ltr'>est</span> <span class='ocrx_word' id='word_1_135' title='bbox 960 1462 1046 1510; x_wconf 75' lang='lat' dir='ltr'>mima.</span> <span class='ocrx_word' id='word_1_136' title='bbox 1077 1461 1117 1510; x_wconf 91' lang='lat' dir='ltr'>De</span> <span class='ocrx_word' id='word_1_137' title='bbox 1132 1461 1227 1511; x_wconf 88' lang='lat' dir='ltr'>immor-</span> 
     </span>
     <span class='ocr_line' id='line_1_13' title="bbox 130 1539 1228 1606; baseline 0.006 -20"><span class='ocrx_word' id='word_1_138' title='bbox 130 1539 220 1588; x_wconf 85' lang='lat' dir='ltr'>talitate</span> <span class='ocrx_word' id='word_1_139' title='bbox 230 1541 315 1588; x_wconf 73' lang='lat' dir='ltr'>anirum</span> <span class='ocrx_word' id='word_1_140' title='bbox 326 1541 382 1589; x_wconf 83' lang='lat' dir='ltr'>eutis</span> <span class='ocrx_word' id='word_1_141' title='bbox 392 1549 429 1589; x_wconf 88' lang='lat' dir='ltr'>est</span> <span class='ocrx_word' id='word_1_142' title='bbox 439 1541 538 1588; x_wconf 86' lang='lat' dir='ltr'>dietum.</span> <span class='ocrx_word' id='word_1_143' title='bbox 572 1540 674 1590; x_wconf 87' lang='lat' dir='ltr'>Deidea</span> <span class='ocrx_word' id='word_1_144' title='bbox 682 1557 737 1590; x_wconf 79' lang='lat' dir='ltr'>vero</span> <span class='ocrx_word' id='word_1_145' title='bbox 746 1541 922 1606; x_wconf 86' lang='lat' dir='ltr'>ipsiusinlmuc</span> <span class='ocrx_word' id='word_1_146' title='bbox 934 1543 1029 1590; x_wconf 89' lang='lat' dir='ltr'>modum</span> <span class='ocrx_word' id='word_1_147' title='bbox 1041 1549 1078 1591; x_wconf 89' lang='lat' dir='ltr'>est</span> <span class='ocrx_word' id='word_1_148' title='bbox 1087 1542 1228 1593; x_wconf 84' lang='lat' dir='ltr'>dicendum.</span> 
     </span>
     <span class='ocr_line' id='line_1_14' title="bbox 129 1617 1227 1688; baseline 0.005 -21"><span class='ocrx_word' id='word_1_149' title='bbox 129 1617 208 1675; x_wconf 80' lang='lat' dir='ltr'>Qtrele</span> <span class='ocrx_word' id='word_1_150' title='bbox 219 1619 245 1668; x_wconf 89' lang='lat' dir='ltr'>id</span> <span class='ocrx_word' id='word_1_151' title='bbox 256 1621 353 1668; x_wconf 90' lang='lat' dir='ltr'>omniuo</span> <span class='ocrx_word' id='word_1_152' title='bbox 368 1622 407 1678; x_wconf 83' lang='lat' dir='ltr'>sit,</span> <span class='ocrx_word' id='word_1_153' title='bbox 424 1621 513 1669; x_wconf 74' lang='lat' dir='ltr'>divine</span> <span class='ocrx_word' id='word_1_154' title='bbox 528 1621 623 1685; x_wconf 88' lang='lat' dir='ltr'>penitus</span> <span class='ocrx_word' id='word_1_155' title='bbox 639 1621 782 1688; x_wconf 76' lang='lat' dir='ltr'>proliumque</span> <span class='ocrx_word' id='word_1_156' title='bbox 798 1623 936 1671; x_wconf 67' lang='lat' dir='ltr'>narrationis</span> <span class='ocrx_word' id='word_1_157' title='bbox 954 1623 1029 1671; x_wconf 84' lang='lat' dir='ltr'>iuret:</span> <span class='ocrx_word' id='word_1_158' title='bbox 1050 1623 1227 1672; x_wconf 85' lang='lat' dir='ltr'>similitudinem</span> 
     </span>
     <span class='ocr_line' id='line_1_15' title="bbox 127 1699 1228 1768; baseline 0.009 -23"><span class='ocrx_word' id='word_1_159' title='bbox 127 1715 185 1746; x_wconf 84' lang='lat' dir='ltr'>vero</span> <span class='ocrx_word' id='word_1_160' title='bbox 203 1699 257 1762; x_wconf 88' lang='lat' dir='ltr'>ejus</span> <span class='ocrx_word' id='word_1_161' title='bbox 275 1701 393 1762; x_wconf 80' lang='lat' dir='ltr'>quendam</span> <span class='ocrx_word' id='word_1_162' title='bbox 410 1701 549 1756; x_wconf 85' lang='lat' dir='ltr'>describere,</span> <span class='ocrx_word' id='word_1_163' title='bbox 565 1702 674 1750; x_wconf 79' lang='lat' dir='ltr'>humanm</span> <span class='ocrx_word' id='word_1_164' title='bbox 691 1711 716 1752; x_wconf 87' lang='lat' dir='ltr'>ct</span> <span class='ocrx_word' id='word_1_165' title='bbox 732 1703 850 1752; x_wconf 78' lang='lat' dir='ltr'>brevioris.</span> <span class='ocrx_word' id='word_1_166' title='bbox 884 1705 928 1753; x_wconf 86' lang='lat' dir='ltr'>hoc</span> <span class='ocrx_word' id='word_1_167' title='bbox 945 1704 1018 1768; x_wconf 79' lang='lat' dir='ltr'>igitur</span> <span class='ocrx_word' id='word_1_168' title='bbox 1032 1705 1101 1752; x_wconf 83' lang='lat' dir='ltr'>modo</span> <span class='ocrx_word' id='word_1_169' title='bbox 1112 1705 1228 1755; x_wconf 77' lang='lat' dir='ltr'>dicemus.</span> 
     </span>
     <span class='ocr_line' id='line_1_16' title="bbox 129 1777 1225 1848; baseline 0.006 -24"><span class='ocrx_word' id='word_1_170' title='bbox 129 1777 219 1826; x_wconf 84' lang='lat' dir='ltr'>Similis</span> <span class='ocrx_word' id='word_1_171' title='bbox 235 1787 288 1827; x_wconf 81' lang='lat' dir='ltr'>estu</span> <span class='ocrx_word' id='word_1_172' title='bbox 298 1787 404 1842; x_wconf 70' lang='lat' dir='ltr'>cogerem</span> <span class='ocrx_word' id='word_1_173' title='bbox 416 1780 531 1844; x_wconf 75' lang='lat' dir='ltr'>potentie</span> <span class='ocrx_word' id='word_1_174' title='bbox 546 1781 644 1830; x_wconf 87' lang='lat' dir='ltr'>subalati</span> <span class='ocrx_word' id='word_1_175' title='bbox 658 1797 736 1831; x_wconf 88' lang='lat' dir='ltr'>currus</span> <span class='ocrx_word' id='word_1_176' title='bbox 751 1790 776 1831; x_wconf 88' lang='lat' dir='ltr'>et</span> <span class='ocrx_word' id='word_1_177' title='bbox 790 1783 885 1848; x_wconf 67' lang='lat' dir='ltr'>auriga.</span> <span class='ocrx_word' id='word_1_178' title='bbox 916 1781 1023 1832; x_wconf 87' lang='lat' dir='ltr'>Deorum</span> <span class='ocrx_word' id='word_1_179' title='bbox 1034 1783 1091 1848; x_wconf 90' lang='lat' dir='ltr'>equi</span> <span class='ocrx_word' id='word_1_180' title='bbox 1101 1790 1127 1831; x_wconf 88' lang='lat' dir='ltr'>et</span> <span class='ocrx_word' id='word_1_181' title='bbox 1137 1783 1225 1848; x_wconf 71' lang='lat' dir='ltr'>surige</span> 
     </span>
     <span class='ocr_line' id='line_1_17' title="bbox 128 1859 1228 1928; baseline 0.009 -24"><span class='ocrx_word' id='word_1_182' title='bbox 128 1873 212 1905; x_wconf 81' lang='lat' dir='ltr'>omnes</span> <span class='ocrx_word' id='word_1_183' title='bbox 225 1859 282 1906; x_wconf 88' lang='lat' dir='ltr'>boni</span> <span class='ocrx_word' id='word_1_184' title='bbox 292 1867 355 1917; x_wconf 83' lang='lat' dir='ltr'>suut,</span> <span class='ocrx_word' id='word_1_185' title='bbox 367 1867 438 1923; x_wconf 78' lang='lat' dir='ltr'>etque</span> <span class='ocrx_word' id='word_1_186' title='bbox 448 1874 477 1907; x_wconf 81' lang='lat' dir='ltr'>es</span> <span class='ocrx_word' id='word_1_187' title='bbox 488 1860 570 1908; x_wconf 80' lang='lat' dir='ltr'>booles</span> <span class='ocrx_word' id='word_1_188' title='bbox 589 1861 686 1910; x_wconf 87' lang='lat' dir='ltr'>aliorum</span> <span class='ocrx_word' id='word_1_189' title='bbox 697 1879 760 1922; x_wconf 86' lang='lat' dir='ltr'>reru,</span> <span class='ocrx_word' id='word_1_190' title='bbox 769 1863 886 1926; x_wconf 82' lang='lat' dir='ltr'>permixti.</span> <span class='ocrx_word' id='word_1_191' title='bbox 916 1863 1037 1927; x_wconf 79' lang='lat' dir='ltr'>Principio</span> <span class='ocrx_word' id='word_1_192' title='bbox 1048 1865 1143 1928; x_wconf 88' lang='lat' dir='ltr'>quidem</span> <span class='ocrx_word' id='word_1_193' title='bbox 1151 1866 1228 1914; x_wconf 86' lang='lat' dir='ltr'>nostri</span> 
     </span>
     <span class='ocr_line' id='line_1_18' title="bbox 129 1939 1225 2010; baseline 0.005 -22"><span class='ocrx_word' id='word_1_194' title='bbox 129 1940 240 2004; x_wconf 85' lang='lat' dir='ltr'>princeps</span> <span class='ocrx_word' id='word_1_195' title='bbox 251 1939 317 2003; x_wconf 79' lang='lat' dir='ltr'>bigas</span> <span class='ocrx_word' id='word_1_196' title='bbox 328 1940 425 1988; x_wconf 76' lang='lat' dir='ltr'>habenis</span> <span class='ocrx_word' id='word_1_197' title='bbox 437 1941 586 1990; x_wconf 72' lang='lat' dir='ltr'>modersturt</span> <span class='ocrx_word' id='word_1_198' title='bbox 603 1942 691 1990; x_wconf 84' lang='lat' dir='ltr'>deiude</span> <span class='ocrx_word' id='word_1_199' title='bbox 707 1957 818 2007; x_wconf 89' lang='lat' dir='ltr'>equorum</span> <span class='ocrx_word' id='word_1_200' title='bbox 835 1943 893 1992; x_wconf 88' lang='lat' dir='ltr'>alter</span> <span class='ocrx_word' id='word_1_201' title='bbox 907 1943 984 1992; x_wconf 84' lang='lat' dir='ltr'>bonus</span> <span class='ocrx_word' id='word_1_202' title='bbox 1001 1951 1025 1992; x_wconf 88' lang='lat' dir='ltr'>et</span> <span class='ocrx_word' id='word_1_203' title='bbox 1035 1944 1144 2010; x_wconf 78' lang='lat' dir='ltr'>pulcher,</span> <span class='ocrx_word' id='word_1_204' title='bbox 1155 1953 1180 1994; x_wconf 92' lang='lat' dir='ltr'>et</span> <span class='ocrx_word' id='word_1_205' title='bbox 1195 1962 1225 1995; x_wconf 82' lang='lat' dir='ltr'>ea</span> 
     </span>
     <span class='ocr_line' id='line_1_19' title="bbox 128 2019 1227 2086; baseline 0.005 -18"><span class='ocrx_word' id='word_1_206' title='bbox 128 2021 231 2080; x_wconf 86' lang='lat' dir='ltr'>talibus;</span> <span class='ocrx_word' id='word_1_207' title='bbox 248 2019 307 2068; x_wconf 88' lang='lat' dir='ltr'>alter</span> <span class='ocrx_word' id='word_1_208' title='bbox 316 2019 454 2078; x_wconf 78' lang='lat' dir='ltr'>doutrsrius,</span> <span class='ocrx_word' id='word_1_209' title='bbox 465 2027 490 2068; x_wconf 85' lang='lat' dir='ltr'>et</span> <span class='ocrx_word' id='word_1_210' title='bbox 507 2037 536 2070; x_wconf 81' lang='lat' dir='ltr'>ex</span> <span class='ocrx_word' id='word_1_211' title='bbox 555 2023 685 2074; x_wconf 78' lang='lat' dir='ltr'>contrariis.</span> <span class='ocrx_word' id='word_1_212' title='bbox 718 2037 766 2086; x_wconf 89' lang='lat' dir='ltr'>quo</span> <span class='ocrx_word' id='word_1_213' title='bbox 780 2023 817 2085; x_wconf 77' lang='lat' dir='ltr'>fis,</span> <span class='ocrx_word' id='word_1_214' title='bbox 835 2029 860 2070; x_wconf 89' lang='lat' dir='ltr'>ut</span> <span class='ocrx_word' id='word_1_215' title='bbox 870 2023 929 2070; x_wconf 92' lang='lat' dir='ltr'>dusa</span> <span class='ocrx_word' id='word_1_216' title='bbox 944 2031 970 2071; x_wconf 87' lang='lat' dir='ltr'>et</span> <span class='ocrx_word' id='word_1_217' title='bbox 986 2023 1086 2072; x_wconf 80' lang='lat' dir='ltr'>difficilis</span> <span class='ocrx_word' id='word_1_218' title='bbox 1095 2025 1227 2073; x_wconf 76' lang='lat' dir='ltr'>necessario</span> 
     </span>
     <span class='ocr_line' id='line_1_20' title="bbox 129 2099 1228 2168; baseline 0.002 -18"><span class='ocrx_word' id='word_1_219' title='bbox 129 2101 159 2150; x_wconf 87' lang='lat' dir='ltr'>sit</span> <span class='ocrx_word' id='word_1_220' title='bbox 168 2100 286 2165; x_wconf 70' lang='lat' dir='ltr'>aurigatio</span> <span class='ocrx_word' id='word_1_221' title='bbox 295 2107 382 2150; x_wconf 86' lang='lat' dir='ltr'>nostra.</span> <span class='ocrx_word' id='word_1_222' title='bbox 417 2099 472 2156; x_wconf 79' lang='lat' dir='ltr'>Qun</span> <span class='ocrx_word' id='word_1_223' title='bbox 483 2115 538 2150; x_wconf 85' lang='lat' dir='ltr'>reru</span> <span class='ocrx_word' id='word_1_224' title='bbox 550 2101 641 2150; x_wconf 86' lang='lat' dir='ltr'>ratione</span> <span class='ocrx_word' id='word_1_225' title='bbox 651 2104 749 2151; x_wconf 73' lang='lat' dir='ltr'>mortale</span> <span class='ocrx_word' id='word_1_226' title='bbox 760 2112 785 2152; x_wconf 86' lang='lat' dir='ltr'>et</span> <span class='ocrx_word' id='word_1_227' title='bbox 790 2103 922 2152; x_wconf 86' lang='lat' dir='ltr'>immortale</span> <span class='ocrx_word' id='word_1_228' title='bbox 932 2103 1019 2152; x_wconf 89' lang='lat' dir='ltr'>suimal</span> <span class='ocrx_word' id='word_1_229' title='bbox 1027 2102 1171 2167; x_wconf 81' lang='lat' dir='ltr'>appellatum</span> <span class='ocrx_word' id='word_1_230' title='bbox 1182 2111 1228 2168; x_wconf 87' lang='lat' dir='ltr'>est,</span> 
     </span>
     <span class='ocr_line' id='line_1_21' title="bbox 127 2181 1227 2247; baseline 0 -15"><span class='ocrx_word' id='word_1_231' title='bbox 127 2183 260 2234; x_wconf 86' lang='lat' dir='ltr'>conandum</span> <span class='ocrx_word' id='word_1_232' title='bbox 272 2189 309 2229; x_wconf 82' lang='lat' dir='ltr'>ess</span> <span class='ocrx_word' id='word_1_233' title='bbox 326 2181 413 2230; x_wconf 85' lang='lat' dir='ltr'>dicere.</span> <span class='ocrx_word' id='word_1_234' title='bbox 446 2181 531 2229; x_wconf 85' lang='lat' dir='ltr'>Omnis</span> <span class='ocrx_word' id='word_1_235' title='bbox 542 2181 622 2228; x_wconf 85' lang='lat' dir='ltr'>sulma</span> <span class='ocrx_word' id='word_1_236' title='bbox 632 2182 705 2230; x_wconf 83' lang='lat' dir='ltr'>todua</span> <span class='ocrx_word' id='word_1_237' title='bbox 722 2183 847 2232; x_wconf 78' lang='lat' dir='ltr'>inanimati</span> <span class='ocrx_word' id='word_1_238' title='bbox 858 2197 937 2232; x_wconf 88' lang='lat' dir='ltr'>curam</span> <span class='ocrx_word' id='word_1_239' title='bbox 949 2183 1032 2247; x_wconf 86' lang='lat' dir='ltr'>habet,</span> <span class='ocrx_word' id='word_1_240' title='bbox 1041 2190 1164 2246; x_wconf 85' lang='lat' dir='ltr'>totumque</span> <span class='ocrx_word' id='word_1_241' title='bbox 1174 2197 1227 2246; x_wconf 87' lang='lat' dir='ltr'>per·</span> 
     </span>
     <span class='ocr_line' id='line_1_22' title="bbox 128 2259 1227 2327; baseline -0.002 -13"><span class='ocrx_word' id='word_1_242' title='bbox 128 2265 200 2314; x_wconf 88' lang='lat' dir='ltr'>currit</span> <span class='ocrx_word' id='word_1_243' title='bbox 217 2261 312 2319; x_wconf 87' lang='lat' dir='ltr'>coelum,</span> <span class='ocrx_word' id='word_1_244' title='bbox 330 2261 388 2308; x_wconf 82' lang='lat' dir='ltr'>alius</span> <span class='ocrx_word' id='word_1_245' title='bbox 404 2260 515 2309; x_wconf 80' lang='lat' dir='ltr'>videlieet</span> <span class='ocrx_word' id='word_1_246' title='bbox 535 2259 593 2309; x_wconf 88' lang='lat' dir='ltr'>sliaa</span> <span class='ocrx_word' id='word_1_247' title='bbox 613 2261 693 2309; x_wconf 84' lang='lat' dir='ltr'>sortita</span> <span class='ocrx_word' id='word_1_248' title='bbox 705 2262 804 2325; x_wconf 85' lang='lat' dir='ltr'>species.</span> <span class='ocrx_word' id='word_1_249' title='bbox 838 2259 947 2312; x_wconf 80' lang='lat' dir='ltr'>Perfecta</span> <span class='ocrx_word' id='word_1_250' title='bbox 958 2261 1054 2327; x_wconf 89' lang='lat' dir='ltr'>quidem</span> <span class='ocrx_word' id='word_1_251' title='bbox 1072 2263 1129 2310; x_wconf 92' lang='lat' dir='ltr'>dum</span> <span class='ocrx_word' id='word_1_252' title='bbox 1150 2269 1227 2312; x_wconf 89' lang='lat' dir='ltr'>estet</span> 
     </span>
     <span class='ocr_line' id='line_1_23' title="bbox 129 2341 1226 2408; baseline -0.003 -16"><span class='ocrx_word' id='word_1_253' title='bbox 129 2345 199 2408; x_wconf 76' lang='lat' dir='ltr'>elatu,</span> <span class='ocrx_word' id='word_1_254' title='bbox 217 2342 323 2391; x_wconf 83' lang='lat' dir='ltr'>sublimis</span> <span class='ocrx_word' id='word_1_255' title='bbox 341 2342 439 2400; x_wconf 84' lang='lat' dir='ltr'>incedit,</span> <span class='ocrx_word' id='word_1_256' title='bbox 458 2357 486 2390; x_wconf 84' lang='lat' dir='ltr'>sc</span> <span class='ocrx_word' id='word_1_257' title='bbox 503 2347 578 2389; x_wconf 90' lang='lat' dir='ltr'>totum</span> <span class='ocrx_word' id='word_1_258' title='bbox 597 2341 711 2404; x_wconf 77' lang='lat' dir='ltr'>gubernet</span> <span class='ocrx_word' id='word_1_259' title='bbox 731 2343 861 2390; x_wconf 85' lang='lat' dir='ltr'>muudum:</span> <span class='ocrx_word' id='word_1_260' title='bbox 878 2341 917 2391; x_wconf 88' lang='lat' dir='ltr'>eui</span> <span class='ocrx_word' id='word_1_261' title='bbox 935 2357 991 2391; x_wconf 83' lang='lat' dir='ltr'>sero</span> <span class='ocrx_word' id='word_1_262' title='bbox 1011 2341 1055 2390; x_wconf 75' lang='lat' dir='ltr'>sle</span> <span class='ocrx_word' id='word_1_263' title='bbox 1076 2341 1226 2408; x_wconf 78' lang='lat' dir='ltr'>defluxerint,</span> 
     </span>
     <span class='ocr_line' id='line_1_24' title="bbox 128 2421 1223 2488; baseline -0.002 -16"><span class='ocrx_word' id='word_1_264' title='bbox 128 2425 207 2483; x_wconf 77' lang='lat' dir='ltr'>fertur,</span> <span class='ocrx_word' id='word_1_265' title='bbox 230 2423 308 2487; x_wconf 89' lang='lat' dir='ltr'>quoad</span> <span class='ocrx_word' id='word_1_266' title='bbox 330 2421 431 2471; x_wconf 88' lang='lat' dir='ltr'>solidum</span> <span class='ocrx_word' id='word_1_267' title='bbox 452 2422 540 2488; x_wconf 89' lang='lat' dir='ltr'>aliquid</span> <span class='ocrx_word' id='word_1_268' title='bbox 562 2423 761 2486; x_wconf 71' lang='lat' dir='ltr'>apprehendente</span> <span class='ocrx_word' id='word_1_269' title='bbox 784 2421 826 2470; x_wconf 87' lang='lat' dir='ltr'>ubi</span> <span class='ocrx_word' id='word_1_270' title='bbox 846 2421 1006 2472; x_wconf 82' lang='lat' dir='ltr'>hubitaculum</span> <span class='ocrx_word' id='word_1_271' title='bbox 1028 2421 1117 2481; x_wconf 85' lang='lat' dir='ltr'>sortita,</span> <span class='ocrx_word' id='word_1_272' title='bbox 1138 2436 1223 2486; x_wconf 81' lang='lat' dir='ltr'>corpus</span> 
     </span>
     <span class='ocr_line' id='line_1_25' title="bbox 128 2500 1222 2568; baseline 0 -16"><span class='ocrx_word' id='word_1_273' title='bbox 128 2513 243 2552; x_wconf 83' lang='lat' dir='ltr'>terrenum</span> <span class='ocrx_word' id='word_1_274' title='bbox 254 2501 362 2566; x_wconf 83' lang='lat' dir='ltr'>suscipit,</span> <span class='ocrx_word' id='word_1_275' title='bbox 374 2517 424 2550; x_wconf 86' lang='lat' dir='ltr'>sese</span> <span class='ocrx_word' id='word_1_276' title='bbox 434 2517 527 2550; x_wconf 83' lang='lat' dir='ltr'>morere</span> <span class='ocrx_word' id='word_1_277' title='bbox 538 2517 654 2566; x_wconf 84' lang='lat' dir='ltr'>apparens</span> <span class='ocrx_word' id='word_1_278' title='bbox 665 2509 762 2567; x_wconf 88' lang='lat' dir='ltr'>pmptcr</span> <span class='ocrx_word' id='word_1_279' title='bbox 770 2500 832 2550; x_wconf 90' lang='lat' dir='ltr'>illius</span> <span class='ocrx_word' id='word_1_280' title='bbox 840 2503 970 2566; x_wconf 84' lang='lat' dir='ltr'>potentiam</span> <span class='ocrx_word' id='word_1_281' title='bbox 983 2519 990 2552; x_wconf 77' lang='grc' dir='ltr'>ι</span> <span class='ocrx_word' id='word_1_282' title='bbox 1002 2503 1135 2568; x_wconf 71' lang='lat' dir='ltr'>animalque</span> <span class='ocrx_word' id='word_1_283' title='bbox 1146 2509 1222 2552; x_wconf 88' lang='lat' dir='ltr'>totum</span> 
     </span>
     <span class='ocr_line' id='line_1_26' title="bbox 128 2581 1224 2648; baseline 0.002 -18"><span class='ocrx_word' id='word_1_284' title='bbox 128 2592 233 2646; x_wconf 78' lang='lat' dir='ltr'>vocatur,</span> <span class='ocrx_word' id='word_1_285' title='bbox 256 2583 336 2630; x_wconf 77' lang='lat' dir='ltr'>anima</span> <span class='ocrx_word' id='word_1_286' title='bbox 352 2581 420 2630; x_wconf 89' lang='lat' dir='ltr'>slmul</span> <span class='ocrx_word' id='word_1_287' title='bbox 437 2596 570 2648; x_wconf 87' lang='lat' dir='ltr'>corpusque</span> <span class='ocrx_word' id='word_1_288' title='bbox 588 2589 748 2646; x_wconf 84' lang='lat' dir='ltr'>compactum,</span> <span class='ocrx_word' id='word_1_289' title='bbox 766 2591 791 2631; x_wconf 90' lang='lat' dir='ltr'>et</span> <span class='ocrx_word' id='word_1_290' title='bbox 812 2581 908 2630; x_wconf 73' lang='lat' dir='ltr'>mortale</span> <span class='ocrx_word' id='word_1_291' title='bbox 930 2581 1016 2630; x_wconf 77' lang='lat' dir='ltr'>animal</span> <span class='ocrx_word' id='word_1_292' title='bbox 1037 2583 1224 2646; x_wconf 73' lang='lat' dir='ltr'>cognominetur.</span> 
     </span>
     <span class='ocr_line' id='line_1_27' title="bbox 128 2661 1222 2727; baseline -0.002 -14"><span class='ocrx_word' id='word_1_293' title='bbox 128 2663 262 2713; x_wconf 82' lang='lat' dir='ltr'>immortale</span> <span class='ocrx_word' id='word_1_294' title='bbox 273 2671 351 2711; x_wconf 82' lang='lat' dir='ltr'>sutem</span> <span class='ocrx_word' id='word_1_295' title='bbox 364 2677 393 2710; x_wconf 81' lang='lat' dir='ltr'>es</span> <span class='ocrx_word' id='word_1_296' title='bbox 405 2662 469 2710; x_wconf 88' lang='lat' dir='ltr'>nulla</span> <span class='ocrx_word' id='word_1_297' title='bbox 481 2661 570 2711; x_wconf 87' lang='lat' dir='ltr'>ratione</span> <span class='ocrx_word' id='word_1_298' title='bbox 581 2662 686 2712; x_wconf 82' lang='lat' dir='ltr'>discursu</span> <span class='ocrx_word' id='word_1_299' title='bbox 698 2671 817 2727; x_wconf 79' lang='lat' dir='ltr'>perceptu,</span> <span class='ocrx_word' id='word_1_300' title='bbox 829 2663 870 2710; x_wconf 90' lang='lat' dir='ltr'>sed</span> <span class='ocrx_word' id='word_1_301' title='bbox 882 2675 936 2726; x_wconf 78' lang='lat' dir='ltr'>qun</span> <span class='ocrx_word' id='word_1_302' title='bbox 946 2661 1057 2726; x_wconf 77' lang='lat' dir='ltr'>tingitur:</span> <span class='ocrx_word' id='word_1_303' title='bbox 1068 2662 1159 2726; x_wconf 87' lang='lat' dir='ltr'>qnippe</span> <span class='ocrx_word' id='word_1_304' title='bbox 1168 2679 1222 2711; x_wconf 89' lang='lat' dir='ltr'>cum</span> 
     </span>
     <span class='ocr_line' id='line_1_28' title="bbox 128 2740 1224 2811; baseline -0.005 -18"><span class='ocrx_word' id='word_1_305' title='bbox 128 2761 203 2811; x_wconf 87' lang='lat' dir='ltr'>neque</span> <span class='ocrx_word' id='word_1_306' title='bbox 221 2744 358 2807; x_wconf 80' lang='lat' dir='ltr'>viderimus,</span> <span class='ocrx_word' id='word_1_307' title='bbox 375 2758 452 2808; x_wconf 84' lang='lat' dir='ltr'>neque</span> <span class='ocrx_word' id='word_1_308' title='bbox 469 2743 525 2790; x_wconf 83' lang='lat' dir='ltr'>estis</span> <span class='ocrx_word' id='word_1_309' title='bbox 542 2742 724 2792; x_wconf 70' lang='lat' dir='ltr'>intellexerimus</span> <span class='ocrx_word' id='word_1_310' title='bbox 742 2741 831 2800; x_wconf 89' lang='lat' dir='ltr'>Deum,</span> <span class='ocrx_word' id='word_1_311' title='bbox 849 2742 979 2790; x_wconf 74' lang='lat' dir='ltr'>immortale</span> <span class='ocrx_word' id='word_1_312' title='bbox 997 2740 1117 2805; x_wconf 88' lang='lat' dir='ltr'>quoddam</span> <span class='ocrx_word' id='word_1_313' title='bbox 1128 2740 1224 2807; x_wconf 88' lang='lat' dir='ltr'>snimsl,</span> 
     </span>
     <span class='ocr_line' id='line_1_29' title="bbox 127 2819 1225 2889; baseline -0.001 -16"><span class='ocrx_word' id='word_1_314' title='bbox 127 2827 213 2875; x_wconf 81' lang='lat' dir='ltr'>habeus</span> <span class='ocrx_word' id='word_1_315' title='bbox 225 2825 322 2889; x_wconf 89' lang='lat' dir='ltr'>quidem</span> <span class='ocrx_word' id='word_1_316' title='bbox 333 2824 444 2880; x_wconf 82' lang='lat' dir='ltr'>unimam,</span> <span class='ocrx_word' id='word_1_317' title='bbox 454 2823 544 2872; x_wconf 77' lang='lat' dir='ltr'>hebens</span> <span class='ocrx_word' id='word_1_318' title='bbox 559 2825 629 2872; x_wconf 86' lang='lat' dir='ltr'>etism</span> <span class='ocrx_word' id='word_1_319' title='bbox 641 2839 735 2888; x_wconf 85' lang='lat' dir='ltr'>corpus,</span> <span class='ocrx_word' id='word_1_320' title='bbox 752 2823 889 2872; x_wconf 70' lang='lat' dir='ltr'>naturaliter</span> <span class='ocrx_word' id='word_1_321' title='bbox 903 2837 973 2870; x_wconf 86' lang='lat' dir='ltr'>omne</span> <span class='ocrx_word' id='word_1_322' title='bbox 983 2831 1077 2886; x_wconf 90' lang='lat' dir='ltr'>tempus</span> <span class='ocrx_word' id='word_1_323' title='bbox 1088 2819 1225 2886; x_wconf 80' lang='lat' dir='ltr'>conjuncta.</span> 
     </span>
     <span class='ocr_line' id='line_1_30' title="bbox 125 2903 1223 2969; baseline -0.003 -14"><span class='ocrx_word' id='word_1_324' title='bbox 125 2907 170 2956; x_wconf 75' lang='lat' dir='ltr'>Sed</span> <span class='ocrx_word' id='word_1_325' title='bbox 181 2908 234 2954; x_wconf 74' lang='lat' dir='ltr'>trec</span> <span class='ocrx_word' id='word_1_326' title='bbox 242 2905 303 2969; x_wconf 81' lang='lat' dir='ltr'>jesa,</span> <span class='ocrx_word' id='word_1_327' title='bbox 312 2905 347 2952; x_wconf 83' lang='lat' dir='ltr'>nti</span> <span class='ocrx_word' id='word_1_328' title='bbox 357 2903 412 2953; x_wconf 89' lang='lat' dir='ltr'>Deo</span> <span class='ocrx_word' id='word_1_329' title='bbox 433 2905 520 2969; x_wconf 89' lang='lat' dir='ltr'>placet,</span> <span class='ocrx_word' id='word_1_330' title='bbox 530 2905 564 2952; x_wconf 87' lang='lat' dir='ltr'>ita</span> <span class='ocrx_word' id='word_1_331' title='bbox 575 2919 601 2953; x_wconf 82' lang='lat' dir='ltr'>re</span> <span class='ocrx_word' id='word_1_332' title='bbox 612 2906 714 2954; x_wconf 80' lang='lat' dir='ltr'>hsbemt</span> <span class='ocrx_word' id='word_1_333' title='bbox 731 2915 755 2954; x_wconf 88' lang='lat' dir='ltr'>et</span> <span class='ocrx_word' id='word_1_334' title='bbox 769 2907 887 2955; x_wconf 81' lang='lat' dir='ltr'>dicentur.</span> <span class='ocrx_word' id='word_1_335' title='bbox 918 2903 965 2952; x_wconf 85' lang='lat' dir='ltr'>Per</span> <span class='ocrx_word' id='word_1_336' title='bbox 974 2917 1045 2968; x_wconf 87' lang='lat' dir='ltr'>quam</span> <span class='ocrx_word' id='word_1_337' title='bbox 1062 2919 1118 2952; x_wconf 83' lang='lat' dir='ltr'>seru</span> <span class='ocrx_word' id='word_1_338' title='bbox 1128 2918 1223 2952; x_wconf 88' lang='lat' dir='ltr'>causam</span> 
     </span>
     <span class='ocr_line' id='line_1_31' title="bbox 127 2981 1222 3052; baseline -0.002 -17"><span class='ocrx_word' id='word_1_339' title='bbox 127 2987 169 3036; x_wconf 74' lang='lat' dir='ltr'>ule</span> <span class='ocrx_word' id='word_1_340' title='bbox 180 2987 331 3050; x_wconf 71' lang='lat' dir='ltr'>abjiciuntur,</span> <span class='ocrx_word' id='word_1_341' title='bbox 350 2985 509 3050; x_wconf 85' lang='lat' dir='ltr'>decidantqne</span> <span class='ocrx_word' id='word_1_342' title='bbox 528 2987 558 3034; x_wconf 89' lang='lat' dir='ltr'>sb</span> <span class='ocrx_word' id='word_1_343' title='bbox 575 2985 661 3045; x_wconf 74' lang='lat' dir='ltr'>anima,</span> <span class='ocrx_word' id='word_1_344' title='bbox 681 3001 745 3036; x_wconf 87' lang='lat' dir='ltr'>nuuc</span> <span class='ocrx_word' id='word_1_345' title='bbox 764 2985 879 3037; x_wconf 77' lang='lat' dir='ltr'>dicamus.</span> <span class='ocrx_word' id='word_1_346' title='bbox 896 2993 932 3034; x_wconf 90' lang='lat' dir='ltr'>est</span> <span class='ocrx_word' id='word_1_347' title='bbox 943 2991 1021 3034; x_wconf 80' lang='lat' dir='ltr'>sutem</span> <span class='ocrx_word' id='word_1_348' title='bbox 1033 2981 1085 3032; x_wconf 87' lang='lat' dir='ltr'>talis</span> <span class='ocrx_word' id='word_1_349' title='bbox 1104 2985 1222 3052; x_wconf 77' lang='lat' dir='ltr'>quedam.</span> 
     </span>
     <span class='ocr_line' id='line_1_32' title="bbox 126 3063 1223 3130; baseline -0.005 -12"><span class='ocrx_word' id='word_1_350' title='bbox 126 3069 247 3118; x_wconf 83' lang='lat' dir='ltr'>Naturalis</span> <span class='ocrx_word' id='word_1_351' title='bbox 256 3067 344 3115; x_wconf 79' lang='lat' dir='ltr'>alarum</span> <span class='ocrx_word' id='word_1_352' title='bbox 355 3065 391 3114; x_wconf 77' lang='lat' dir='ltr'>ris</span> <span class='ocrx_word' id='word_1_353' title='bbox 402 3073 446 3122; x_wconf 83' lang='lat' dir='ltr'>cet,</span> <span class='ocrx_word' id='word_1_354' title='bbox 457 3081 526 3130; x_wconf 76' lang='lat' dir='ltr'>greve</span> <span class='ocrx_word' id='word_1_355' title='bbox 536 3067 562 3114; x_wconf 87' lang='lat' dir='ltr'>in</span> <span class='ocrx_word' id='word_1_356' title='bbox 572 3066 672 3116; x_wconf 88' lang='lat' dir='ltr'>sublime</span> <span class='ocrx_word' id='word_1_357' title='bbox 691 3067 805 3125; x_wconf 72' lang='lat' dir='ltr'>attollere,</span> <span class='ocrx_word' id='word_1_358' title='bbox 823 3066 863 3114; x_wconf 82' lang='lat' dir='ltr'>uhi</span> <span class='ocrx_word' id='word_1_359' title='bbox 879 3064 984 3115; x_wconf 80' lang='lat' dir='ltr'>Deorum</span> <span class='ocrx_word' id='word_1_360' title='bbox 1003 3063 1121 3113; x_wconf 86' lang='lat' dir='ltr'>inhabitat</span> <span class='ocrx_word' id='word_1_361' title='bbox 1139 3079 1223 3129; x_wconf 77' lang='lat' dir='ltr'>genus.</span> 
     </span>
     <span class='ocr_line' id='line_1_33' title="bbox 127 3145 1221 3216; baseline -0.007 -16"><span class='ocrx_word' id='word_1_362' title='bbox 127 3151 239 3200; x_wconf 82' lang='lat' dir='ltr'>Omnium</span> <span class='ocrx_word' id='word_1_363' title='bbox 258 3163 324 3212; x_wconf 80' lang='lat' dir='ltr'>reto,</span> <span class='ocrx_word' id='word_1_364' title='bbox 346 3162 399 3211; x_wconf 72' lang='lat' dir='ltr'>quc</span> <span class='ocrx_word' id='word_1_365' title='bbox 426 3155 481 3194; x_wconf 86' lang='lat' dir='ltr'>suut</span> <span class='ocrx_word' id='word_1_366' title='bbox 504 3147 567 3196; x_wconf 85' lang='lat' dir='ltr'>circu</span> <span class='ocrx_word' id='word_1_367' title='bbox 589 3163 683 3216; x_wconf 79' lang='lat' dir='ltr'>corpur,</span> <span class='ocrx_word' id='word_1_368' title='bbox 706 3147 804 3196; x_wconf 88' lang='lat' dir='ltr'>maairue</span> <span class='ocrx_word' id='word_1_369' title='bbox 826 3147 945 3212; x_wconf 82' lang='lat' dir='ltr'>perticeps</span> <span class='ocrx_word' id='word_1_370' title='bbox 966 3146 1042 3196; x_wconf 82' lang='lat' dir='ltr'>diriui</span> <span class='ocrx_word' id='word_1_371' title='bbox 1064 3153 1100 3195; x_wconf 92' lang='lat' dir='ltr'>est</span> <span class='ocrx_word' id='word_1_372' title='bbox 1121 3145 1221 3193; x_wconf 81' lang='lat' dir='ltr'>animus.</span> 
     </span>
     <span class='ocr_line' id='line_1_34' title="bbox 125 3225 1221 3294; baseline -0.007 -13"><span class='ocrx_word' id='word_1_373' title='bbox 125 3232 239 3281; x_wconf 76' lang='lat' dir='ltr'>Divinum</span> <span class='ocrx_word' id='word_1_374' title='bbox 258 3237 336 3278; x_wconf 87' lang='lat' dir='ltr'>autem</span> <span class='ocrx_word' id='word_1_375' title='bbox 356 3227 488 3293; x_wconf 77' lang='lat' dir='ltr'>pulchrum,</span> <span class='ocrx_word' id='word_1_376' title='bbox 506 3229 609 3293; x_wconf 78' lang='lat' dir='ltr'>sapiens,</span> <span class='ocrx_word' id='word_1_377' title='bbox 627 3229 725 3288; x_wconf 89' lang='lat' dir='ltr'>bouum,</span> <span class='ocrx_word' id='word_1_378' title='bbox 742 3238 768 3278; x_wconf 89' lang='lat' dir='ltr'>et</span> <span class='ocrx_word' id='word_1_379' title='bbox 786 3229 902 3294; x_wconf 88' lang='lat' dir='ltr'>quidquid</span> <span class='ocrx_word' id='word_1_380' title='bbox 923 3227 970 3276; x_wconf 88' lang='lat' dir='ltr'>tale</span> <span class='ocrx_word' id='word_1_381' title='bbox 989 3227 1036 3276; x_wconf 88' lang='lat' dir='ltr'>dici</span> <span class='ocrx_word' id='word_1_382' title='bbox 1053 3235 1140 3291; x_wconf 68' lang='lat' dir='ltr'>pumat.</span> <span class='ocrx_word' id='word_1_383' title='bbox 1174 3225 1221 3274; x_wconf 83' lang='lat' dir='ltr'>His</span> 
     </span>
     <span class='ocr_line' id='line_1_35' title="bbox 125 3305 1221 3378; baseline -0.009 -16"><span class='ocrx_word' id='word_1_384' title='bbox 125 3315 206 3378; x_wconf 85' lang='lat' dir='ltr'>utiquc</span> <span class='ocrx_word' id='word_1_385' title='bbox 217 3312 287 3362; x_wconf 87' lang='lat' dir='ltr'>alitur</span> <span class='ocrx_word' id='word_1_386' title='bbox 298 3312 397 3360; x_wconf 80' lang='lat' dir='ltr'>maxime</span> <span class='ocrx_word' id='word_1_387' title='bbox 407 3317 551 3375; x_wconf 74' lang='lat' dir='ltr'>augeturque</span> <span class='ocrx_word' id='word_1_388' title='bbox 562 3311 615 3376; x_wconf 84' lang='lat' dir='ltr'>ipsa</span> <span class='ocrx_word' id='word_1_389' title='bbox 626 3311 697 3360; x_wconf 87' lang='lat' dir='ltr'>alstio</span> <span class='ocrx_word' id='word_1_390' title='bbox 706 3311 778 3360; x_wconf 77' lang='lat' dir='ltr'>enimi</span> <span class='ocrx_word' id='word_1_391' title='bbox 788 3329 795 3359; x_wconf 77' lang='grc' dir='ltr'>ι</span> <span class='ocrx_word' id='word_1_392' title='bbox 807 3312 871 3374; x_wconf 83' lang='lat' dir='ltr'>turpi</span> <span class='ocrx_word' id='word_1_393' title='bbox 878 3317 967 3371; x_wconf 86' lang='lat' dir='ltr'>sutem,</span> <span class='ocrx_word' id='word_1_394' title='bbox 975 3314 1000 3356; x_wconf 90' lang='lat' dir='ltr'>ct</span> <span class='ocrx_word' id='word_1_395' title='bbox 1009 3307 1081 3369; x_wconf 89' lang='lat' dir='ltr'>malo,</span> <span class='ocrx_word' id='word_1_396' title='bbox 1090 3305 1221 3356; x_wconf 86' lang='lat' dir='ltr'>contrariis-</span> 
     </span>
     <span class='ocr_line' id='line_1_36' title="bbox 125 3383 1222 3460; baseline -0.01 -17"><span class='ocrx_word' id='word_1_397' title='bbox 125 3411 170 3460; x_wconf 87' lang='lat' dir='ltr'>que</span> <span class='ocrx_word' id='word_1_398' title='bbox 182 3392 318 3458; x_wconf 86' lang='lat' dir='ltr'>hujusmodi</span> <span class='ocrx_word' id='word_1_399' title='bbox 329 3393 410 3441; x_wconf 80' lang='lat' dir='ltr'>deficit</span> <span class='ocrx_word' id='word_1_400' title='bbox 419 3401 490 3457; x_wconf 91' lang='lat' dir='ltr'>atque</span> <span class='ocrx_word' id='word_1_401' title='bbox 506 3392 593 3445; x_wconf 89' lang='lat' dir='ltr'>interit.</span> <span class='ocrx_word' id='word_1_402' title='bbox 625 3393 731 3458; x_wconf 84' lang='lat' dir='ltr'>Magnus</span> <span class='ocrx_word' id='word_1_403' title='bbox 744 3391 826 3454; x_wconf 88' lang='lat' dir='ltr'>utique</span> <span class='ocrx_word' id='word_1_404' title='bbox 837 3391 885 3438; x_wconf 81' lang='lat' dir='ltr'>dux</span> <span class='ocrx_word' id='word_1_405' title='bbox 894 3389 921 3435; x_wconf 90' lang='lat' dir='ltr'>lu</span> <span class='ocrx_word' id='word_1_406' title='bbox 939 3387 1000 3435; x_wconf 81' lang='lat' dir='ltr'>oeelo</span> <span class='ocrx_word' id='word_1_407' title='bbox 1015 3383 1135 3448; x_wconf 86' lang='lat' dir='ltr'>anplter,</span> <span class='ocrx_word' id='word_1_408' title='bbox 1146 3383 1222 3432; x_wconf 82' lang='lat' dir='ltr'>ettam</span> 
     </span>
     <span class='ocr_line' id='line_1_37' title="bbox 71 3462 1220 3536; baseline -0.015 -10"><span class='ocrx_word' id='word_1_409' title='bbox 71 3520 75 3526; x_wconf 92' lang='lat'>.</span> <span class='ocrx_word' id='word_1_410' title='bbox 124 3477 213 3523; x_wconf 81' lang='lat' dir='ltr'>alstum</span> <span class='ocrx_word' id='word_1_411' title='bbox 225 3489 324 3531; x_wconf 87' lang='lat' dir='ltr'>currum,</span> <span class='ocrx_word' id='word_1_412' title='bbox 334 3473 422 3536; x_wconf 87' lang='lat' dir='ltr'>primus</span> <span class='ocrx_word' id='word_1_413' title='bbox 432 3473 531 3529; x_wconf 82' lang='lat' dir='ltr'>incedit,</span> <span class='ocrx_word' id='word_1_414' title='bbox 542 3489 656 3522; x_wconf 86' lang='lat' dir='ltr'>exornans</span> <span class='ocrx_word' id='word_1_415' title='bbox 667 3479 763 3534; x_wconf 87' lang='lat' dir='ltr'>cuncta,</span> <span class='ocrx_word' id='word_1_416' title='bbox 774 3469 919 3534; x_wconf 74' lang='lat' dir='ltr'>provideque</span> <span class='ocrx_word' id='word_1_417' title='bbox 929 3465 1066 3528; x_wconf 85' lang='lat' dir='ltr'>disponens.</span> <span class='ocrx_word' id='word_1_418' title='bbox 1099 3462 1171 3510; x_wconf 86' lang='lat' dir='ltr'>Hunc</span> <span class='ocrx_word' id='word_1_419' title='bbox 1182 3479 1220 3511; x_wconf 80' lang='lat' dir='ltr'>ee·</span> 
     </span>
     <span class='ocr_line' id='line_1_38' title="bbox 125 3543 1221 3622; baseline -0.011 -20"><span class='ocrx_word' id='word_1_420' title='bbox 125 3555 206 3622; x_wconf 87' lang='lat' dir='ltr'>quitur</span> <span class='ocrx_word' id='word_1_421' title='bbox 215 3553 320 3601; x_wconf 85' lang='lat' dir='ltr'>Deorum</span> <span class='ocrx_word' id='word_1_422' title='bbox 330 3553 520 3617; x_wconf 76' lang='lat' dir='ltr'>Dcmouumque</span> <span class='ocrx_word' id='word_1_423' title='bbox 532 3553 656 3609; x_wconf 74' lang='lat' dir='ltr'>exercitus,</span> <span class='ocrx_word' id='word_1_424' title='bbox 668 3567 710 3616; x_wconf 87' lang='lat' dir='ltr'>per</span> <span class='ocrx_word' id='word_1_425' title='bbox 721 3551 831 3598; x_wconf 87' lang='lat' dir='ltr'>undecim</span> <span class='ocrx_word' id='word_1_426' title='bbox 844 3555 921 3613; x_wconf 88' lang='lat' dir='ltr'>psrtes</span> <span class='ocrx_word' id='word_1_427' title='bbox 932 3545 1061 3595; x_wconf 87' lang='lat' dir='ltr'>ordlustus.</span> <span class='ocrx_word' id='word_1_428' title='bbox 1094 3543 1221 3592; x_wconf 84' lang='lat' dir='ltr'>Permanet</span> 
     </span>
     <span class='ocr_line' id='line_1_39' title="bbox 125 3624 1221 3696; baseline -0.011 -12"><span class='ocrx_word' id='word_1_429' title='bbox 125 3643 204 3685; x_wconf 84' lang='lat' dir='ltr'>nutem</span> <span class='ocrx_word' id='word_1_430' title='bbox 221 3633 296 3682; x_wconf 83' lang='lat' dir='ltr'>Vesta</span> <span class='ocrx_word' id='word_1_431' title='bbox 310 3633 335 3680; x_wconf 88' lang='lat' dir='ltr'>in</span> <span class='ocrx_word' id='word_1_432' title='bbox 350 3632 454 3683; x_wconf 82' lang='lat' dir='ltr'>Deorum</span> <span class='ocrx_word' id='word_1_433' title='bbox 471 3633 524 3682; x_wconf 86' lang='lat' dir='ltr'>rede</span> <span class='ocrx_word' id='word_1_434' title='bbox 540 3633 598 3681; x_wconf 86' lang='lat' dir='ltr'>sola.</span> <span class='ocrx_word' id='word_1_435' title='bbox 631 3631 704 3696; x_wconf 75' lang='lat' dir='ltr'>[W]</span> <span class='ocrx_word' id='word_1_436' title='bbox 739 3629 837 3680; x_wconf 87' lang='lat' dir='ltr'>aliorum</span> <span class='ocrx_word' id='word_1_437' title='bbox 853 3643 909 3677; x_wconf 79' lang='lat' dir='ltr'>sero</span> <span class='ocrx_word' id='word_1_438' title='bbox 925 3625 1039 3683; x_wconf 86' lang='lat' dir='ltr'>Deorum,</span> <span class='ocrx_word' id='word_1_439' title='bbox 1050 3627 1184 3691; x_wconf 86' lang='lat' dir='ltr'>quicunque</span> <span class='ocrx_word' id='word_1_440' title='bbox 1195 3624 1221 3672; x_wconf 89' lang='lat' dir='ltr'>ln</span> 
     </span>
     <span class='ocr_line' id='line_1_40' title="bbox 124 3707 1220 3777; baseline -0.012 -11"><span class='ocrx_word' id='word_1_441' title='bbox 124 3716 253 3767; x_wconf 87' lang='lat' dir='ltr'>duodecim</span> <span class='ocrx_word' id='word_1_442' title='bbox 264 3731 359 3763; x_wconf 88' lang='lat' dir='ltr'>nurnero</span> <span class='ocrx_word' id='word_1_443' title='bbox 370 3723 502 3772; x_wconf 80' lang='lat' dir='ltr'>censentur,</span> <span class='ocrx_word' id='word_1_444' title='bbox 512 3715 604 3762; x_wconf 89' lang='lat' dir='ltr'>ducunt</span> <span class='ocrx_word' id='word_1_445' title='bbox 614 3729 656 3777; x_wconf 91' lang='lat' dir='ltr'>per</span> <span class='ocrx_word' id='word_1_446' title='bbox 667 3712 780 3769; x_wconf 87' lang='lat' dir='ltr'>ordinem,</span> <span class='ocrx_word' id='word_1_447' title='bbox 791 3709 891 3777; x_wconf 88' lang='lat' dir='ltr'>quilibet</span> <span class='ocrx_word' id='word_1_448' title='bbox 901 3717 928 3758; x_wconf 93' lang='lat' dir='ltr'>ut</span> <span class='ocrx_word' id='word_1_449' title='bbox 936 3709 1037 3776; x_wconf 84' lang='lat' dir='ltr'>quisque</span> <span class='ocrx_word' id='word_1_450' title='bbox 1043 3718 1080 3758; x_wconf 88' lang='lat' dir='ltr'>est</span> <span class='ocrx_word' id='word_1_451' title='bbox 1089 3707 1220 3755; x_wconf 89' lang='lat' dir='ltr'>ordinatus.</span> 
     </span>
     <span class='ocr_line' id='line_1_41' title="bbox 125 3787 1222 3862; baseline -0.013 -15"><span class='ocrx_word' id='word_1_452' title='bbox 125 3799 245 3847; x_wconf 86' lang='lat' dir='ltr'>Permults</span> <span class='ocrx_word' id='word_1_453' title='bbox 263 3795 335 3862; x_wconf 75' lang='lat' dir='ltr'>igitur</span> <span class='ocrx_word' id='word_1_454' title='bbox 352 3797 469 3861; x_wconf 80' lang='lat' dir='ltr'>beeuque</span> <span class='ocrx_word' id='word_1_455' title='bbox 487 3795 623 3862; x_wconf 73' lang='lat' dir='ltr'>spectacula</span> <span class='ocrx_word' id='word_1_456' title='bbox 640 3795 805 3860; x_wconf 68' lang='lat' dir='ltr'>discursusque</span> <span class='ocrx_word' id='word_1_457' title='bbox 824 3794 887 3842; x_wconf 83' lang='lat' dir='ltr'>intra</span> <span class='ocrx_word' id='word_1_458' title='bbox 901 3790 985 3842; x_wconf 84' lang='lat' dir='ltr'>coelum</span> <span class='ocrx_word' id='word_1_459' title='bbox 1001 3789 1124 3846; x_wconf 79' lang='lat' dir='ltr'>exsistunt,</span> <span class='ocrx_word' id='word_1_460' title='bbox 1136 3787 1222 3852; x_wconf 85' lang='lat' dir='ltr'>quibus</span> 
     </span>
     <span class='ocr_line' id='line_1_42' title="bbox 125 3869 1220 3942; baseline -0.016 -13"><span class='ocrx_word' id='word_1_461' title='bbox 125 3879 229 3929; x_wconf 86' lang='lat' dir='ltr'>Decmm</span> <span class='ocrx_word' id='word_1_462' title='bbox 241 3893 316 3942; x_wconf 82' lang='lat' dir='ltr'>genus</span> <span class='ocrx_word' id='word_1_463' title='bbox 327 3878 447 3925; x_wconf 83' lang='lat' dir='ltr'>beatorum</span> <span class='ocrx_word' id='word_1_464' title='bbox 460 3877 572 3940; x_wconf 84' lang='lat' dir='ltr'>intendit,</span> <span class='ocrx_word' id='word_1_465' title='bbox 583 3893 650 3925; x_wconf 89' lang='lat' dir='ltr'>snum</span> <span class='ocrx_word' id='word_1_466' title='bbox 662 3875 762 3940; x_wconf 87' lang='lat' dir='ltr'>quiaque</span> <span class='ocrx_word' id='word_1_467' title='bbox 773 3873 875 3924; x_wconf 85' lang='lat' dir='ltr'>officium</span> <span class='ocrx_word' id='word_1_468' title='bbox 888 3885 1010 3937; x_wconf 75' lang='lat' dir='ltr'>peregens.</span> <span class='ocrx_word' id='word_1_469' title='bbox 1027 3869 1132 3932; x_wconf 83' lang='lat' dir='ltr'>sequitur</span> <span class='ocrx_word' id='word_1_470' title='bbox 1142 3873 1220 3915; x_wconf 85' lang='lat' dir='ltr'>sutem</span> 
     </span>
     <span class='ocr_line' id='line_1_43' title="bbox 124 3945 1220 4028; baseline -0.016 -19"><span class='ocrx_word' id='word_1_471' title='bbox 124 3975 215 4025; x_wconf 89' lang='lat' dir='ltr'>semper</span> <span class='ocrx_word' id='word_1_472' title='bbox 225 3958 310 4007; x_wconf 82' lang='lat' dir='ltr'>volens</span> <span class='ocrx_word' id='word_1_473' title='bbox 320 3965 344 4006; x_wconf 92' lang='lat' dir='ltr'>et</span> <span class='ocrx_word' id='word_1_474' title='bbox 362 3965 457 4022; x_wconf 82' lang='lat' dir='ltr'>potens.</span> <span class='ocrx_word' id='word_1_475' title='bbox 489 3958 622 4028; x_wconf 33' lang='lat' dir='ltr'>livor&#39;enim</span> <span class='ocrx_word' id='word_1_476' title='bbox 633 3974 648 4006; x_wconf 84' lang='lat' dir='ltr'>s</span> <span class='ocrx_word' id='word_1_477' title='bbox 659 3957 741 4006; x_wconf 78' lang='lat' dir='ltr'>divino</span> <span class='ocrx_word' id='word_1_478' title='bbox 759 3957 831 4004; x_wconf 87' lang='lat' dir='ltr'>choro</span> <span class='ocrx_word' id='word_1_479' title='bbox 843 3953 924 4019; x_wconf 79' lang='lat' dir='ltr'>procul</span> <span class='ocrx_word' id='word_1_480' title='bbox 936 3953 1011 4000; x_wconf 86' lang='lat' dir='ltr'>abest.</span> <span class='ocrx_word' id='word_1_481' title='bbox 1045 3949 1106 3998; x_wconf 84' lang='lat' dir='ltr'>Cum</span> <span class='ocrx_word' id='word_1_482' title='bbox 1117 3961 1171 3994; x_wconf 83' lang='lat' dir='ltr'>vero</span> <span class='ocrx_word' id='word_1_483' title='bbox 1189 3945 1220 3993; x_wconf 82' lang='lat' dir='ltr'>nd</span> 
     </span>
     <span class='ocr_line' id='line_1_44' title="bbox 123 4025 1220 4102; baseline -0.016 -14"><span class='ocrx_word' id='word_1_484' title='bbox 123 4039 257 4088; x_wconf 77' lang='lat' dir='ltr'>convivium</span> <span class='ocrx_word' id='word_1_485' title='bbox 272 4055 300 4088; x_wconf 84' lang='lat' dir='ltr'>ac</span> <span class='ocrx_word' id='word_1_486' title='bbox 311 4040 385 4102; x_wconf 85' lang='lat' dir='ltr'>dspce</span> <span class='ocrx_word' id='word_1_487' title='bbox 396 4040 486 4087; x_wconf 83' lang='lat' dir='ltr'>rudunt</span> <span class='ocrx_word' id='word_1_488' title='bbox 496 4038 616 4096; x_wconf 74' lang='lat' dir='ltr'>sublimet,</span> <span class='ocrx_word' id='word_1_489' title='bbox 633 4038 659 4086; x_wconf 91' lang='lat' dir='ltr'>in</span> <span class='ocrx_word' id='word_1_490' title='bbox 679 4037 797 4087; x_wconf 73' lang='lat' dir='ltr'>colestem</span> <span class='ocrx_word' id='word_1_491' title='bbox 814 4031 1024 4085; x_wconf 74' lang='lat' dir='ltr'>circumferentiam</span> <span class='ocrx_word' id='word_1_492' title='bbox 1042 4025 1220 4092; x_wconf 82' lang='lat' dir='ltr'>proficiscuntur</span> 
     </span>
     <span class='ocr_line' id='line_1_45' title="bbox 120 4105 1219 4186; baseline -0.008 -16"><span class='ocrx_word' id='word_1_493' title='bbox 120 4122 169 4186; x_wconf 88' lang='lat' dir='ltr'>jam</span> <span class='ocrx_word' id='word_1_494' title='bbox 180 4121 345 4170; x_wconf 81' lang='lat' dir='ltr'>ascendentes.</span> <span class='ocrx_word' id='word_1_495' title='bbox 378 4119 484 4168; x_wconf 89' lang='lat' dir='ltr'>Deorum</span> <span class='ocrx_word' id='word_1_496' title='bbox 496 4121 592 4183; x_wconf 89' lang='lat' dir='ltr'>quidem</span> <span class='ocrx_word' id='word_1_497' title='bbox 610 4119 726 4176; x_wconf 82' lang='lat' dir='ltr'>vehicula,</span> <span class='ocrx_word' id='word_1_498' title='bbox 744 4123 801 4182; x_wconf 83' lang='lat' dir='ltr'>epta</span> <span class='ocrx_word' id='word_1_499' title='bbox 816 4115 924 4175; x_wconf 84' lang='lat' dir='ltr'>hubenis,</span> <span class='ocrx_word' id='word_1_500' title='bbox 942 4109 1109 4174; x_wconf 76' lang='lat' dir='ltr'>equaliterque</span> <span class='ocrx_word' id='word_1_501' title='bbox 1128 4105 1219 4161; x_wconf 63' lang='grc' dir='ltr'>ΗΜ,</span> 
     </span>
     <span class='ocr_line' id='line_1_46' title="bbox 123 4183 1219 4267; baseline -0.012 -18"><span class='ocrx_word' id='word_1_502' title='bbox 123 4202 190 4252; x_wconf 84' lang='lat' dir='ltr'>iscile</span> <span class='ocrx_word' id='word_1_503' title='bbox 208 4201 364 4267; x_wconf 77' lang='lat' dir='ltr'>gradiuntur:</span> <span class='ocrx_word' id='word_1_504' title='bbox 381 4199 428 4249; x_wconf 86' lang='lat' dir='ltr'>slis</span> <span class='ocrx_word' id='word_1_505' title='bbox 445 4216 502 4248; x_wconf 87' lang='lat' dir='ltr'>vero</span> <span class='ocrx_word' id='word_1_506' title='bbox 521 4201 570 4248; x_wconf 78' lang='lat' dir='ltr'>vir.</span> <span class='ocrx_word' id='word_1_507' title='bbox 604 4208 711 4262; x_wconf 77' lang='lat' dir='ltr'>gravatur</span> <span class='ocrx_word' id='word_1_508' title='bbox 728 4198 791 4246; x_wconf 86' lang='lat' dir='ltr'>enim</span> <span class='ocrx_word' id='word_1_509' title='bbox 811 4191 931 4260; x_wconf 79' lang='lat' dir='ltr'>pravitatis</span> <span class='ocrx_word' id='word_1_510' title='bbox 953 4187 1071 4254; x_wconf 78' lang='lat' dir='ltr'>particeps</span> <span class='ocrx_word' id='word_1_511' title='bbox 1087 4199 1170 4248; x_wconf 67' lang='grc' dir='ltr'>σφω,</span> <span class='ocrx_word' id='word_1_512' title='bbox 1188 4183 1219 4233; x_wconf 72' lang='lat' dir='ltr'>td</span> 
     </span>
     <span class='ocr_line' id='line_1_47' title="bbox 122 4265 1220 4347; baseline -0.011 -16"><span class='ocrx_word' id='word_1_513' title='bbox 122 4293 203 4332; x_wconf 82' lang='lat' dir='ltr'>terrum</span> <span class='ocrx_word' id='word_1_514' title='bbox 220 4297 321 4347; x_wconf 65' lang='lat' dir='ltr'>«ergene</span> <span class='ocrx_word' id='word_1_515' title='bbox 339 4289 410 4346; x_wconf 84' lang='lat' dir='ltr'>etque</span> <span class='ocrx_word' id='word_1_516' title='bbox 430 4281 533 4338; x_wconf 80' lang='lat' dir='ltr'>trubens,</span> <span class='ocrx_word' id='word_1_517' title='bbox 553 4279 687 4342; x_wconf 85' lang='lat' dir='ltr'>cuicunque</span> <span class='ocrx_word' id='word_1_518' title='bbox 706 4277 838 4338; x_wconf 73' lang='lat' dir='ltr'>euriporum</span> <span class='ocrx_word' id='word_1_519' title='bbox 860 4287 935 4336; x_wconf 87' lang='lat' dir='ltr'>equus</span> <span class='ocrx_word' id='word_1_520' title='bbox 952 4281 1002 4316; x_wconf 80' lang='lat' dir='ltr'>nott</span> <span class='ocrx_word' id='word_1_521' title='bbox 1022 4267 1098 4314; x_wconf 76' lang='lat' dir='ltr'>bunut</span> <span class='ocrx_word' id='word_1_522' title='bbox 1118 4265 1220 4314; x_wconf 65' lang='lat' dir='ltr'>nutrita·</span> 
     </span>
     <span class='ocr_line' id='line_1_48' title="bbox 121 4345 1219 4427; baseline -0.015 -14"><span class='ocrx_word' id='word_1_523' title='bbox 121 4365 206 4413; x_wconf 67' lang='lat' dir='ltr'>tuerit:</span> <span class='ocrx_word' id='word_1_524' title='bbox 225 4363 265 4411; x_wconf 89' lang='lat' dir='ltr'>ubi</span> <span class='ocrx_word' id='word_1_525' title='bbox 274 4363 325 4427; x_wconf 77' lang='lat' dir='ltr'>jum</span> <span class='ocrx_word' id='word_1_526' title='bbox 338 4361 404 4409; x_wconf 89' lang='lat' dir='ltr'>labor</span> <span class='ocrx_word' id='word_1_527' title='bbox 413 4367 439 4409; x_wconf 90' lang='lat' dir='ltr'>et</span> <span class='ocrx_word' id='word_1_528' title='bbox 448 4369 565 4410; x_wconf 75' lang='lat' dir='ltr'>certamen</span> <span class='ocrx_word' id='word_1_529' title='bbox 576 4367 703 4406; x_wconf 79' lang='lat' dir='ltr'>extremum</span> <span class='ocrx_word' id='word_1_530' title='bbox 715 4353 957 4417; x_wconf 70' lang='lat' dir='ltr'>unimurpruponitur.</span> <span class='ocrx_word' id='word_1_531' title='bbox 989 4362 1041 4412; x_wconf 79' lang='lat' dir='ltr'>qum</span> <span class='ocrx_word' id='word_1_532' title='bbox 1053 4345 1115 4396; x_wconf 90' lang='lat' dir='ltr'>euim</span> <span class='ocrx_word' id='word_1_533' title='bbox 1126 4345 1219 4396; x_wconf 86' lang='lat' dir='ltr'>immor·</span> 
     </span>
     <span class='ocr_line' id='line_1_49' title="bbox 121 4427 1219 4505; baseline -0.015 -13"><span class='ocrx_word' id='word_1_534' title='bbox 121 4445 178 4494; x_wconf 71' lang='lat' dir='ltr'>tales</span> <span class='ocrx_word' id='word_1_535' title='bbox 188 4453 314 4501; x_wconf 81' lang='lat' dir='ltr'>vocantur,</span> <span class='ocrx_word' id='word_1_536' title='bbox 330 4457 384 4490; x_wconf 89' lang='lat' dir='ltr'>curn</span> <span class='ocrx_word' id='word_1_537' title='bbox 396 4441 425 4489; x_wconf 90' lang='lat' dir='ltr'>ad</span> <span class='ocrx_word' id='word_1_538' title='bbox 438 4457 551 4489; x_wconf 85' lang='lat' dir='ltr'>summum</span> <span class='ocrx_word' id='word_1_539' title='bbox 564 4438 722 4505; x_wconf 83' lang='lat' dir='ltr'>pervenerint,</span> <span class='ocrx_word' id='word_1_540' title='bbox 734 4443 799 4483; x_wconf 84' lang='lat' dir='ltr'>extra</span> <span class='ocrx_word' id='word_1_541' title='bbox 810 4447 936 4498; x_wconf 74' lang='lat' dir='ltr'>progressu</span> <span class='ocrx_word' id='word_1_542' title='bbox 948 4431 972 4480; x_wconf 90' lang='lat' dir='ltr'>lu</span> <span class='ocrx_word' id='word_1_543' title='bbox 983 4428 1037 4479; x_wconf 77' lang='lat' dir='ltr'>ceti</span> <span class='ocrx_word' id='word_1_544' title='bbox 1049 4427 1118 4478; x_wconf 87' lang='lat' dir='ltr'>dorso</span> <span class='ocrx_word' id='word_1_545' title='bbox 1129 4429 1219 4477; x_wconf 72' lang='lat' dir='ltr'>musis·</span> 
     </span>
    </p>
   </div>
   <div class='ocr_carea' id='block_1_3' title="bbox 121 4511 1221 4586">
    <p class='ocr_par' dir='ltr' id='par_1_3' title="bbox 121 4511 1221 4586">
     <span class='ocr_line' id='line_1_50' title="bbox 121 4511 1221 4586; baseline -0.016 -14"><span class='ocrx_word' id='word_1_546' title='bbox 121 4533 181 4577; x_wconf 83' lang='lat' dir='ltr'>tunt.</span> <span class='ocrx_word' id='word_1_547' title='bbox 215 4525 248 4574; x_wconf 88' lang='lat' dir='ltr'>ibi</span> <span class='ocrx_word' id='word_1_548' title='bbox 261 4524 401 4575; x_wconf 72' lang='lat' dir='ltr'>constitum</span> <span class='ocrx_word' id='word_1_549' title='bbox 412 4521 598 4572; x_wconf 80' lang='lat' dir='ltr'>circumferentia</span> <span class='ocrx_word' id='word_1_550' title='bbox 609 4521 662 4586; x_wconf 78' lang='lat' dir='ltr'>ipsu</span> <span class='ocrx_word' id='word_1_551' title='bbox 671 4518 814 4576; x_wconf 81' lang='lat' dir='ltr'>circumlcrt,</span> <span class='ocrx_word' id='word_1_552' title='bbox 823 4521 895 4582; x_wconf 85' lang='lat' dir='ltr'>atque</span> <span class='ocrx_word' id='word_1_553' title='bbox 903 4513 950 4564; x_wconf 79' lang='lat' dir='ltr'>tlte</span> <span class='ocrx_word' id='word_1_554' title='bbox 960 4511 1089 4569; x_wconf 80' lang='lat' dir='ltr'>intuentur,</span> <span class='ocrx_word' id='word_1_555' title='bbox 1100 4524 1153 4576; x_wconf 75' lang='lat' dir='ltr'>quic</span> <span class='ocrx_word' id='word_1_556' title='bbox 1164 4511 1221 4556; x_wconf 88' lang='lat' dir='ltr'>suut</span> 
     </span>
    </p>
   </div>
   <div class='ocr_carea' id='block_1_4' title="bbox 0 0 1592 5322">
    <p class='ocr_par' dir='ltr' id='par_1_4' title="bbox 0 0 1592 5322">
     <span class='ocr_line' id='line_1_51' title="bbox 0 0 1592 5322; baseline 0 3"><span class='ocrx_word' id='word_1_557' title='bbox 0 0 1592 5322; x_wconf 95' lang='lat' dir='ltr'> </span> 
     </span>
    </p>
   </div>
  </div>
 </body>
</html>
