3150 5316
181 537 254 617 tar]
603 535 851 598 convrku.
1215 541 1276 600 rou

177 660 278 760 silurus,
288 697 378 754 bibere,
387 711 481 756 unam,
493 697 623 761 disputata
638 697 730 746 uullusn
743 713 772 746 en
789 697 827 746 his
843 713 868 746 sa
879 695 930 760 ipsu
947 701 1016 760 turpe
1026 697 1063 744 sal
1074 697 1215 746 honesturn:
1231 698 1274 746 sed

176 777 266 839 agendi
277 780 361 826 modus
370 779 458 828 actioni
470 785 558 828 certum
576 777 658 825 tribuit
675 785 866 841 cognomentum.
884 777 950 842 quod
961 777 1024 824 enim
1035 777 1095 824 bene
1105 787 1215 840 recteque
1225 777 1275 841 agi-

173 863 223 914 tur.
235 859 373 918 honestum
390 861 455 924 quod
466 873 515 906 noa
532 867 604 918 recta,
624 865 692 921 turpe
702 859 807 906 resultat.
839 858 928 906 Eadem
941 858 1031 906 retium
1042 872 1089 904 uon
1101 857 1200 919 quilibet
1210 873 1275 904 ausos

176 946 203 986 at
210 939 286 1002 quiris
296 941 390 988 amandi
403 942 487 989 modus
505 940 616 988 honestus
633 948 670 988 est
686 949 711 987 at
727 939 876 988 laudandus:
893 939 964 986 immo
982 938 1024 986 ille
1043 938 1114 992 aulus.
1125 937 1166 1001 qui
1177 938 1274 986 honesto

174 1033 255 1068 aroare
272 1035 315 1068 uos
334 1022 476 1071 exhortatur.
510 1020 604 1069 Etenim
616 1020 717 1084 vulgaris
734 1019 911 1081 communisque
923 1018 1023 1066 Veneris
1040 1033 1104 1066 amor
1114 1033 1192 1066 revers
1204 1026 1274 1066 estet

174 1099 229 1162 ipse
238 1099 348 1164 vulgaris,
361 1110 394 1166 et,
411 1103 571 1165 quodcunque
587 1099 712 1162 contingit,
729 1097 829 1163 peragit.
863 1098 944 1161 Atque
954 1099 974 1144 is
984 1105 1029 1153 est,
1039 1113 1087 1161 quo
1098 1098 1163 1160 prasi
1175 1097 1275 1160 abjecti-

176 1195 225 1242 que
237 1181 343 1231 bomiues
353 1190 441 1231 amant.
459 1188 540 1230 ament
558 1195 625 1244 porro
644 1177 743 1226 leminea
762 1193 809 1225 non
827 1177 904 1224 miuus
919 1190 989 1239 quam
1005 1176 1127 1233 masculus,
1138 1185 1163 1226 et
1176 1191 1275 1240 corpora

176 1259 251 1323 sangis
262 1275 332 1324 quarn
343 1262 443 1318 animos,
454 1269 479 1310 et
488 1261 538 1310 sine
550 1267 628 1307 mente
639 1257 745 1306 homines
756 1257 836 1321 potius
854 1271 924 1320 quum
937 1257 1072 1319 prudentes.
1089 1257 1119 1303 ad
1130 1257 1273 1320 aspicedum

175 1351 233 1386 sane
245 1341 387 1388 desiderium
399 1341 506 1388 inhiant:
524 1339 622 1388 honeste
630 1353 694 1395 sero,
706 1353 790 1394 necue,
801 1336 921 1400 explent,
929 1337 1025 1384 omniuo
1036 1351 1083 1383 nou
1095 1343 1185 1385 curant.
1217 1335 1273 1392 Quo

174 1417 212 1473 tit.
222 1427 259 1480 ut,
269 1421 428 1483 quodcunque
439 1434 487 1466 sora
498 1418 544 1466 illis
555 1417 633 1474 offert,
645 1426 811 1481 exsequantur,
822 1425 847 1464 et
867 1418 953 1464 bouum
968 1415 1075 1464 similitor
1094 1425 1166 1479 atque
1176 1416 1272 1464 malum.

174 1498 348 1546 wemosenirn
361 1499 496 1562 hujusmodi
512 1498 629 1546 aVeuerc
646 1497 686 1544 illa
698 1497 793 1561 juniora
811 1505 836 1545 et
853 1497 972 1560 utriusque
988 1511 1057 1545 serus
1077 1497 1101 1544 iu
1119 1497 1270 1560 generatione

172 1575 290 1639 participe
301 1577 405 1640 profluit.
438 1574 513 1625 Amor
523 1583 612 1633 sutem
621 1577 662 1640 qui
673 1575 791 1625 colestem
798 1575 904 1640 sequitur
912 1577 1037 1634 Venerem,
1046 1593 1100 1640 qnia
1108 1592 1156 1624 non
1165 1577 1271 1636 feminei,

175 1657 220 1703 serl
233 1657 329 1704 maseuli
341 1663 431 1704 tanturn
450 1671 518 1706 sexus
529 1657 553 1704 iu
565 1657 715 1720 generatione
725 1669 761 1706 est
778 1657 906 1721 particeps,
917 1658 969 1721 ipsc
980 1673 1075 1722 qunque
1086 1673 1160 1721 genus
1176 1655 1272 1720 respicit

174 1736 320 1784 masculum:
338 1737 434 1794 delude,
446 1739 558 1800 quonism
568 1738 706 1801 antiquioris
719 1737 815 1786 Veneris
831 1738 972 1802 pudicaeque
980 1746 1017 1786 est
1034 1753 1123 1794 comcs,
1134 1738 1220 1799 etipse
1229 1751 1272 1800 pe·

174 1815 281 1863 tulautiu
292 1817 369 1864 onnia
379 1825 415 1865 est
425 1833 515 1880 expers.
549 1817 667 1876 Quocirca
685 1818 822 1881 quicunque
838 1833 917 1866 amore
934 1820 979 1866 boc
996 1817 1105 1881 inspirati
1121 1825 1185 1872 sunt,
1196 1832 1271 1880 genus

175 1895 315 1962 numium,
327 1906 410 1945 natura
426 1897 543 1946 robustius
559 1909 584 1947 et
600 1899 734 1962 generosius
754 1905 779 1946 et
797 1899 882 1946 urentis
900 1899 973 1960 magis
985 1897 1109 1960 particeps,
1120 1898 1229 1960 diligunt·
1246 1904 1272 1944 et

171 1974 217 2038 qui
228 1990 305 2024 amore
317 1977 362 2026 linc
374 1977 463 2026 sincere
472 1979 624 2042 perfecteque
635 1987 690 2025 sunt
701 1979 771 2042 rapti.
782 1995 810 2026 es
822 1979 867 2025 boc
884 1979 1005 2041 perspicue
1016 1978 1193 2040 dignoscuntur,
1204 1977 1269 2040 quod

173 2069 260 2116 pueros
270 2071 319 2103 nen
330 2065 418 2114 amant,
428 2059 478 2105 sed=
488 2057 660 2119 adulescentes,
670 2073 724 2105 cuns
741 2065 819 2104 meme
831 2057 906 2104 valere
924 2055 974 2119 jans
989 2057 1118 2120 eruperintz
1135 2055 1271 2118 hujusmodi

171 2150 228 2182 asro
239 2137 457 2198 genusesereendas
468 2137 541 2184 menti
554 2137 709 2200 propinquius
727 2143 772 2192 est.
789 2137 819 2184 ad
839 2151 938 2198 eamque
955 2137 1108 2184 exercendam
1128 2134 1270 2184 familiariter

170 2215 298 2263 interillos
308 2215 389 2264 initur.
407 2217 481 2279 parati
491 2215 555 2264 enim
567 2225 631 2278 sunt,
642 2216 747 2273 arbitror.
760 2217 800 2279 qui
810 2217 842 2264 sic
854 2231 931 2264 amere
941 2215 1067 2279 incipiunt,
1079 2229 1222 2278 peromnem
1234 2213 1269 2260 si·

169 2303 221 2342 tara
231 2295 300 2343 simul
312 2304 337 2344 et
347 2297 501 2345 communiter
513 2297 598 2352 rivere,
609 2311 687 2359 nequa
698 2303 801 2343 amatum
811 2295 930 2358 decipere,
941 2310 1019 2359 nequo
1032 2297 1063 2344 ab
1076 2309 1124 2342 uuo
1134 2294 1160 2342 in
1170 2292 1268 2344 ulturum

170 2375 298 2424 amodum
316 2375 395 2425 abires
413 2392 491 2440 noque
506 2375 570 2426 enirn
589 2391 674 2439 pueros
688 2376 767 2424 adbuc
784 2376 868 2424 mentis
884 2383 990 2439 uspertes
1006 2382 1094 2432 autaut,
1105 2389 1164 2438 quos
1180 2373 1269 2422 deindo

170 2455 276 2504 aaoletss
287 2455 397 2504 irrideant
407 2465 432 2504 et
442 2457 583 2520 relinquant.
617 2456 744 2520 oporteret
761 2463 839 2504 autern
859 2455 950 2518 legibus
961 2454 1093 2504 institutum
1104 2471 1163 2511 esse,
1173 2469 1204 2502 ua
1214 2453 1268 2517 quia

171 2550 258 2598 pueros
269 2543 342 2591 amet,
353 2551 384 2583 ne
394 2535 419 2582 in
429 2551 454 2584 ra
470 2536 582 2599 ambigua
592 2535 677 2583 trusus
694 2543 785 2582 tantum
802 2534 905 2583 studium
922 2543 1055 2598 poneretur.
1071 2536 1185 2584 incertum
1203 2534 1267 2582 euira

168 2621 216 2672 est,
227 2631 275 2679 quo
285 2625 328 2664 aut
337 2631 422 2679 corpus
432 2624 475 2664 aut
484 2617 563 2664 auiusa
576 2630 708 2678 puerorum,
726 2622 772 2663 tam
789 2614 919 2664 secundum
930 2615 1038 2664 uirtutun
1055 2631 1125 2679 quarn
1136 2615 1266 2662 secuudum

169 2695 262 2752 sitium,
275 2703 393 2758 postremo
412 2697 531 2747 deveniat.
566 2694 638 2744 Probi
648 2696 744 2760 quidem
755 2695 798 2744 riri
809 2696 886 2759 legem
897 2696 958 2744 hauc
968 2695 1067 2759 sibiipsi
1077 2703 1162 2759 sponte
1175 2709 1265 2758 prsspu·

168 2781 238 2822 nunt.
253 2781 348 2838 oportet
358 2792 453 2842 quoque
460 2777 538 2826 eidem
549 2775 597 2840 tegi
607 2775 713 2839 vulgares
724 2783 847 2832 amatores,
857 2774 964 2824 adbibita
974 2775 1121 2830 nmesdtate.
1129 2774 1264 2839 subjicerer

167 2853 367 2918 quemadmodum
378 2857 430 2906 illos
447 2873 490 2922 pro
499 2857 587 2904 viribus
596 2871 674 2906 amare
685 2857 794 2906 mulieres
805 2856 889 2906 liberas
906 2856 1063 2920 probibemus.
1081 2855 1155 2920 [182]
1169 2854 1194 2902 bi
1205 2869 1265 2902 nan·

168 2949 216 2997 que
226 2943 289 2994 suut,
301 2937 341 2998 qui
352 2937 379 2984 iu
389 2921 521 3000 turpis'sirna
532 2951 633 3001 qumque
644 2936 762 2987 labuntur.
779 2936 843 2984 undo
855 2943 906 2985 orn
921 2944 959 2985 est
974 2936 1067 2985 illomus
1084 2935 1212 2992 sententis,
1222 2935 1265 2999 qui

168 3021 237 3077 turpe
255 3015 322 3064 sium
340 3017 483 3066 matoribus
500 3017 607 3080 obsequi.
624 3017 715 3066 trivero
725 3018 757 3066 dc
768 3017 902 3080 vulgaribus
913 3017 1055 3066 amatoribus
1065 3017 1110 3066 ista
1127 3016 1263 3081 loquuntur,

166 3095 224 3158 quis
235 3095 434 3160 importunitatem
446 3097 632 3162 injustitiamque
643 3097 735 3146 illorum
745 3107 879 3163 agnoscunt
895 3107 921 3147 et
939 3098 1082 3162 improbant.
1098 3098 1157 3146 nihil
1175 3105 1264 3154 auum.

167 3176 231 3237 quod
244 3177 349 3224 modeste
359 3185 385 3226 et
395 3178 498 3241 legitima
509 3179 545 3234 srt,
554 3179 686 3241 vituperare
697 3177 776 3227 decet.
809 3178 859 3226 Les
871 3179 953 3240 utique
964 3180 994 3226 de
1002 3193 1089 3234 amore,
1097 3179 1121 3225 in
1131 3176 1265 3226 ciuitatibus

166 3253 220 3304 aliis
238 3256 356 3318 instituta,
366 3257 489 3306 intellectu
500 3256 577 3307 iscilis
588 3265 633 3314 est,
644 3258 755 3320 quonism
776 3257 912 3321 simpliciter
922 3257 1020 3305 traditur
1031 3273 1037 3305 r
1055 3257 1119 3320 apud
1131 3271 1175 3304 uos
1185 3265 1264 3304 sutem

165 3342 192 3384 ct
203 3333 397 3384 Lacedaemonius
408 3337 471 3384 sans
481 3343 566 3384 exstat.
598 3336 628 3383 Iu
644 3335 714 3384 Elide
731 3351 832 3398 namque
849 3344 874 3383 et
884 3337 948 3398 apud
957 3335 1072 3390 Boetius,
1081 3343 1106 3382 et
1116 3335 1157 3382 ubi
1167 3335 1264 3384 dicendi

165 3423 216 3462 arte
225 3415 331 3463 homiues
338 3424 427 3478 carent,
435 3415 573 3482 aimpllciter
584 3415 636 3478 lege
648 3423 760 3464 statutum
770 3424 817 3477 est,
824 3431 911 3462 morem
922 3414 1053 3463 amantibus
1060 3429 1111 3462 esso
1119 3415 1263 3476 gerendum

166 3509 212 3542 neo
222 3495 286 3557 apud
299 3510 342 3543 eos
352 3496 476 3560 quisquam
489 3503 530 3544 aut
538 3495 633 3559 juvenis
644 3504 686 3544 aut
696 3511 766 3544 senes
779 3503 848 3559 turpe
864 3495 888 3542 id
906 3495 1051 3558 predicaret.
1084 3494 1156 3550 Quod
1167 3494 1263 3558 quirlasn

165 3589 197 3626 οι
207 3575 238 3622 de
249 3589 322 3623 cauas
332 3577 362 3624 ab
374 3577 420 3624 illis
431 3578 529 3626 arbitror
537 3593 588 3626 ease
597 3579 694 3634 lactum,
706 3593 736 3626 ue
753 3577 780 3624 in
795 3574 963 3639 persuadendis
978 3574 1166 3622 adolescentibus
1182 3573 1263 3622 elabo-

164 3655 263 3702 randum
279 3654 326 3704 illis
342 3664 414 3716 esset,
425 3665 508 3721 utpote
524 3657 566 3722 qui
583 3658 613 3707 ad
632 3657 746 3706 orandum
764 3656 840 3719 inepti
860 3662 924 3704 suot.
956 3654 986 3702 Iu
1005 3653 1072 3702 louis
1084 3671 1137 3702 seru
1155 3662 1181 3703 et
1197 3655 1262 3717 apud

164 3735 224 3784 aiios
234 3735 328 3792 mutua,
339 3738 382 3800 qui
394 3738 496 3786 barbaris
507 3738 608 3802 subjecti
620 3745 684 3794 sunt,
694 3737 791 3786 omnino
803 3745 871 3800 turpe
887 3737 933 3784 lsoc
944 3735 995 3797 lepe
1006 3743 1122 3783 censetur.
1137 3751 1191 3784 narn
1202 3735 1263 3784 inter

166 3816 275 3864 barbaros
286 3816 382 3878 quidem
394 3827 490 3882 propter
501 3819 639 3883 tyrannides
656 3826 724 3881 turpe
740 3817 803 3866 istud
820 3817 926 3873 habetur,
936 3822 962 3864 ct
972 3815 1093 3878 sapientire
1104 3823 1215 3878 proterea
1225 3822 1261 3862 st·

164 3910 211 3958 que
222 3898 379 3959 gymnastico
390 3899 503 3946 studium.
520 3915 598 3962 neque
609 3899 670 3946 cuim
687 3899 793 3963 tyrannis
808 3899 944 3946 conducunt
954 3911 983 3944 ea
993 3893 1080 3958 studia,
1091 3911 1144 3958 quae
1155 3893 1261 3942 subdito·

164 3989 215 4022 rum
226 3983 316 4024 urentes
327 3983 407 4024 acutas
418 3990 589 4042 generososque
601 3979 711 4034 reddunt,
721 3993 805 4042 quave
825 3976 941 4024 amicitias
957 3976 1019 4022 iuter
1036 3991 1077 4023 eos
1088 3974 1261 4024 indissolubiles

163 4055 335 4116 societatesque
354 4055 488 4119 trequentes
507 4058 619 4120 pariunt:
637 4073 691 4122 quus
708 4073 762 4106 curu
778 4059 808 4105 ab
827 4057 887 4114 allis,
900 4065 950 4104 turn
963 4055 998 4104 sel
1018 4055 1116 4104 masiano
1133 4056 1164 4104 ab
1181 4069 1260 4102 aurore

163 4129 228 4195 gigni
239 4143 420 4182 consueverunt.
450 4135 505 4185 Hoc
516 4144 593 4184 sutem
606 4137 658 4200 ipso
669 4145 755 4186 eventu
772 4138 866 4202 tyranni
882 4136 955 4185 nostri
971 4135 1112 4184 didicerunt.
1130 4151 1183 4182 nam
1195 4134 1261 4182 Aris·

164 4210 276 4275 tegitouis
292 4226 357 4258 auror
379 4222 404 4260 et
420 4214 544 4264 Harmodii
565 4218 668 4264 amicitia
687 4218 823 4266 confirmata
845 4218 936 4265 illorum
956 4216 1104 4280 tyrannidem
1126 4214 1259 4278 dissiparit.

164 4291 247 4354 Atque
255 4291 289 4339 ita
301 4291 435 4356 ubicunque
445 4297 530 4343 amotis
542 4296 689 4360 indulgentia
700 4298 807 4346 funditus
817 4299 909 4347 sublata
925 4305 969 4353 est,
981 4297 1096 4362 pravitate
1106 4296 1208 4352 illorum,
1219 4297 1260 4360 qul

164 4372 229 4436 leges
239 4371 406 4430 condiderunt,
417 4381 453 4421 est
464 4376 545 4438 vetita,
557 4379 689 4441 principum
701 4379 797 4442 quidem
808 4379 935 4446 iniquitate
946 4388 970 4425 et
981 4377 1102 4434 violentis,
1113 4377 1259 4426 subditorum

163 4453 266 4517 ipsus.
283 4453 325 4502 ubi
336 4469 390 4502 varo
400 4455 495 4519 penitus
506 4457 617 4523 permissa
627 4467 672 4516 cst,
683 4467 779 4524 propter
788 4475 876 4516 eorum.
887 4459 929 4524 qui
939 4458 974 4506 sic
984 4465 1123 4516 iutuemut,
1130 4458 1259 4508 secordiam

162 4534 320 4599 stseqaitiern
331 4543 367 4584 est
379 4537 498 4600 permissa.
531 4539 578 4590 llic
590 4555 644 4590 sero
655 4539 729 4591 multu
741 4540 826 4591 metius
838 4549 875 4590 est
883 4539 1014 4590 institutum
1026 4555 1032 4588 r
1049 4539 1258 4604 sed,utdicebaus,
