3174 5322
130 505 205 583 err]
434 539 442 548 -
564 501 780 564 numurus.
1188 507 1223 566 ῃ

131 661 221 725 ulique,
240 675 269 710 ex
285 657 402 724 prinm'plu
421 656 504 722 ulique
521 671 570 705 uon
588 656 693 705 oriretur.
727 655 788 706 Cum
806 671 862 704 vero
880 656 911 705 rlt
925 657 1014 722 elrrque
1031 665 1092 716 ortu.
1103 661 1227 724 etebeque

130 741 226 790 interitu
235 741 266 789 eit
275 755 371 790 neueeee
383 747 427 789 eet.
454 753 509 787 nem
521 737 539 786 el
551 737 691 802 principium
700 737 814 794 interiret,
824 741 901 802 u'eque
911 737 988 801 iprum
1000 753 1029 787 eu
1040 737 1098 803 ello,
1107 755 1185 804 neque
1198 757 1227 790 ex

130 821 184 884 ipeo
194 821 258 870 eliud
276 827 424 870 neecereturr
442 819 558 886 elquldern
579 835 608 867 ex
628 817 745 884 principio
764 817 844 866 omniu
862 817 967 866 urleutur
980 825 1082 881 oportet.
1114 819 1154 868 Sic
1171 836 1225 884 ergo

129 902 270 966 principium
279 908 413 959 motureel,
424 901 487 965 qued
506 901 608 966 reiprum
618 906 706 948 moret.
739 899 785 947 hoe
803 907 882 947 eutem
897 911 975 962 neque
991 899 1049 947 mori
1068 915 1146 963 oeque
1157 901 1224 951 mu

128 989 215 1046 poten
231 983 337 1046 elioqulu
350 997 419 1030 omne
428 981 522 1039 melum,
532 980 655 1044 omnisque
665 979 786 1043 generatio
796 977 907 1027 concidet
921 978 1061 1045 deeinetque
1073 995 1169 1029 neceree
1179 989 1226 1043 eet,

128 1077 205 1128 neque
212 1077 290 1110 rureue
300 1075 404 1126 unqueur
414 1068 521 1109 cenchre
532 1061 614 1125 poerit,
622 1060 687 1108 nude
695 1061 747 1108 lucc
756 1065 844 1107 urotunr
856 1066 926 1108 necte
938 1059 1048 1107 oriuntur.
1082 1059 1143 1109 Cunr
1153 1059 1226 1122 igitur

129 1149 250 1204 eppereet,
267 1141 397 1190 iruruortele
414 1157 475 1198 eree,
492 1142 555 1205 quod
575 1156 601 1188 ee
617 1141 695 1204 iprum
712 1145 800 1198 moret,
815 1140 899 1188 unimur
913 1139 1065 1188 mbetentlem
1077 1148 1101 1188 et
1111 1141 1225 1189 retloneru

128 1222 189 1270 hene
198 1222 274 1284 ipeeru
285 1223 326 1285 qul
338 1221 431 1277 dixerit.
442 1237 489 1269 nou
500 1222 630 1270 mubcecet.
664 1235 734 1269 omne
743 1220 808 1269 errirn
818 1235 913 1284 corpur,
931 1219 971 1269 eui
988 1228 1067 1269 motur
1081 1222 1225 1271 extrinsecus

129 1301 223 1364 incidit,
238 1301 342 1351 inanime
352 1309 405 1352 ert:
423 1301 598 1351 eeieemlntnr
610 1317 638 1350 ex
654 1318 680 1351 re
691 1303 744 1365 ipro
761 1302 786 1350 id
802 1301 872 1356 lueet,
889 1301 1026 1359 uulnerum,
1043 1308 1154 1366 tauquern
1171 1304 1225 1359 herc

129 1382 212 1429 enimn
221 1391 306 1432 ueture
316 1383 354 1430 ult.
375 1382 439 1447 quod
448 1381 467 1430 ri
478 1381 512 1429 ite
521 1389 565 1438 eet,
577 1383 651 1450 [246]
663 1390 690 1430 ut
699 1397 747 1430 nou
759 1383 790 1430 ult
800 1381 864 1429 eliud
875 1381 1013 1446 quidquem,
1025 1383 1090 1448 quod
1105 1398 1130 1430 re
1146 1383 1225 1447 lpennr

129 1469 231 1526 ruerent,
242 1469 327 1527 preter
345 1463 455 1518 culmem,
471 1463 602 1510 neoereerio
613 1462 719 1527 ingenite
730 1471 755 1511 et
764 1461 900 1510 immortulir
911 1469 947 1510 ert
958 1462 1044 1509 enimn.
1075 1461 1116 1511 De
1131 1461 1225 1510 immur-

128 1543 218 1592 telitete
228 1545 314 1592 enimc
324 1544 380 1592 cells
390 1550 427 1592 eet
438 1543 536 1592 dietum.
569 1541 610 1591 De
617 1543 672 1592 iden
680 1559 735 1592 rere
743 1543 816 1608 ipriur
823 1543 848 1592 in
856 1544 920 1591 lruuo
932 1543 1027 1592 uroduru
1039 1549 1076 1592 eet
1086 1542 1226 1592 dicendum.

127 1621 206 1679 erule
217 1623 243 1672 id
254 1625 351 1672 omniuo
367 1624 406 1680 eit,
423 1624 511 1672 dirinae
526 1622 621 1687 penitus
637 1623 780 1690 prolixeque
795 1624 934 1674 uerrutionir
952 1623 1027 1672 toret:
1049 1623 1225 1672 rimilitudinem

126 1717 183 1750 reru
201 1703 256 1765 ejus
273 1705 391 1765 quendem
409 1704 547 1758 decumbere,
563 1705 672 1766 lruurener
689 1713 714 1754 et
730 1705 848 1754 emeterio
880 1708 926 1755 hoe
942 1706 1016 1770 igitur
1029 1705 1100 1753 medo
1111 1704 1226 1755 dloeurue.

127 1781 217 1829 Similis
234 1789 286 1830 erte
296 1790 402 1844 coguut·
414 1783 529 1846 potentie
544 1783 642 1832 eubeleti
656 1799 736 1833 currue
749 1791 774 1833 et
788 1785 882 1850 curiga.
914 1785 1021 1834 Deorum
1032 1784 1089 1850 equi
1100 1791 1125 1832 et
1135 1783 1223 1848 eurigre

126 1877 211 1910 onrrree
223 1862 280 1910 boui
290 1869 354 1919 eunt,
365 1870 436 1926 etque
447 1878 476 1910 en
486 1863 569 1910 boniet
587 1863 684 1912 eliorum
694 1879 758 1926 vero,
769 1863 884 1928 permixti.
914 1865 1035 1929 Principio
1046 1866 1226 1930 quidemuortri

126 1945 238 2008 princepe
249 1943 316 2007 bigne
326 1944 424 1991 heberi·
435 1943 585 1991 moderetur:
602 1945 689 1992 delude
705 1959 817 2009 equorum
833 1943 892 1992 ulter
905 1943 983 1992 benur
999 1951 1024 1993 et
1034 1947 1142 2010 pulcher,
1153 1954 1178 1995 et
1193 1963 1223 1994 err

126 2025 228 2085 tellbur3
246 2023 306 2072 elter
314 2021 452 2080 duutrerlur,
464 2029 489 2071 et
505 2039 534 2072 er
553 2025 684 2077 contrudit.
716 2039 764 2089 quo
778 2023 815 2086 fit,
833 2025 927 2072 utduru
943 2032 968 2072 et
984 2023 1225 2074 didicilleuecerrerle

128 2107 157 2155 eit
167 2107 284 2170 eurigutio
293 2111 381 2153 nosue.
415 2103 471 2159 Qua
481 2117 536 2151 vero
548 2103 640 2153 ratione
650 2105 747 2154 mortulo
759 2105 920 2154 ctimruorlele
931 2103 1018 2153 enimel
1026 2101 1169 2169 oppelloturu
1181 2111 1226 2168 cet,

127 2188 258 2238 uouendum
270 2192 307 2234 eet
324 2185 411 2234 dicere.
444 2183 529 2231 Omuir
540 2183 620 2231 enimn
631 2184 704 2232 totino
720 2185 845 2233 ineuimeti
856 2199 936 2234 eurem
948 2185 1030 2249 lubet,
1040 2192 1163 2248 totumque
1173 2197 1226 2247 per·

128 2269 198 2318 currit
216 2265 311 2322 ooelum,
329 2264 386 2312 ulier
402 2263 513 2312 videlicet
533 2261 592 2312 elio
611 2263 692 2311 uertite
703 2263 803 2327 rpeciee.
836 2261 947 2314 Perfecto
957 2263 1052 2328 quidem
1070 2264 1127 2312 dum
1148 2269 1184 2312 ert
1200 2269 1225 2312 et

128 2351 198 2412 elrtr,
215 2345 321 2395 eublimlr
340 2343 437 2403 incedit,
456 2358 484 2393 ee
502 2350 578 2392 tolum
596 2343 710 2407 gubernet
729 2345 859 2392 muudum:
876 2343 915 2392 cul
934 2358 989 2392 vero
1009 2342 1053 2390 elre
1074 2341 1224 2408 defluxerint,

127 2429 206 2485 fertur,
228 2426 307 2490 quood
329 2425 428 2473 roliduru
450 2425 539 2490 ellquld
562 2424 759 2488 apprehenderit:
783 2424 825 2472 ubi
845 2423 1005 2472 lrebiteeulum
1026 2421 1116 2481 uertite,
1136 2436 1222 2486 eorpne

128 2515 242 2554 terrenum
252 2505 361 2569 suscipit,
372 2519 423 2553 rere
433 2519 525 2554 morere
536 2519 653 2570 oppureue
664 2511 760 2571 propter
768 2502 831 2552 illiue
839 2504 969 2567 petentium
982 2519 989 2551 ε
1001 2501 1134 2570 eulmrlqne
1144 2509 1220 2551 toturn

128 2594 233 2648 vocetur,
254 2585 334 2634 errime
351 2585 418 2632 rlruul
436 2599 569 2651 corpurque
587 2593 746 2650 computum,
765 2591 790 2632 et
811 2582 908 2631 mortale
929 2582 1015 2630 enlmel
1036 2583 1222 2647 cognominatur.

128 2665 260 2715 Immortele
271 2673 350 2714 eutem
363 2681 391 2713 er
403 2665 468 2713 uullrr
479 2665 570 2714 retloue
581 2665 685 2716 discursu
696 2671 816 2729 perceptu,
828 2664 869 2712 red
881 2677 935 2726 quo
945 2660 1056 2726 lingitur:
1067 2662 1157 2726 quippe
1167 2679 1221 2710 cunr

128 2763 203 2813 neque
220 2747 357 2810 viderimus,
373 2761 451 2812 neque
468 2745 524 2793 eetie
541 2746 722 2794 intellexerimur
740 2743 830 2800 Deum,
848 2743 979 2791 immortale
996 2741 1116 2807 quoddern
1126 2741 1222 2806 coinel,

127 2831 213 2877 urbem
225 2828 321 2893 quidem
332 2827 543 2884 unimembrem
558 2828 628 2874 etiem
639 2841 734 2890 corpur,
750 2824 888 2874 nutumllter
902 2839 972 2872 omne
982 2831 1076 2886 tenrpur
1087 2819 1224 2885 conjuncta.

125 2910 171 2959 ded
181 2911 234 2957 uec
241 2908 302 2972 jem,
311 2908 346 2956 nti
356 2907 411 2956 Deo
433 2909 519 2972 plreet,
530 2907 563 2955 lte
574 2921 600 2955 ee
611 2908 713 2955 lrebeent
729 2915 754 2956 et
768 2907 886 2958 dicentur.
917 2903 965 2953 Per
973 2917 1044 2968 quern
1060 2917 1116 2952 reru
1127 2917 1222 2952 crurum

127 2991 169 3039 uic
180 2989 330 3053 abjicientur,
349 2988 508 3053 decidentque
527 2986 557 3036 eb
575 2988 660 3047 enimc,
680 3003 744 3038 rruuc
763 2987 878 3038 dicemur.
895 2991 1019 3034 erteutem
1031 2981 1084 3031 ultr
1102 2983 1221 3051 quedem.

126 3071 246 3120 Netumlie
256 3070 344 3118 elerum
355 3068 391 3116 eir
401 3075 445 3124 eet,
456 3083 525 3132 guerre
535 3069 560 3115 ln
572 3067 671 3118 rublime
690 3069 804 3125 attollere,
822 3067 862 3115 ulri
878 3065 983 3114 Deorum
1002 3063 1120 3112 irrlrebltut
1138 3077 1222 3127 geuue.

127 3153 238 3202 Omnium
258 3166 324 3215 vero,
346 3165 399 3214 quer
425 3157 480 3197 eunt
503 3149 566 3198 circe
588 3165 682 3216 corpur,
705 3147 803 3196 merlrue
824 3147 944 3211 pertioepr
965 3145 1041 3193 divini
1063 3151 1099 3193 eet
1120 3143 1221 3192 unimur.

125 3235 238 3283 Divinum
258 3239 336 3280 entem
356 3229 487 3294 pulolrrum.
505 3230 608 3294 repleor,
626 3229 724 3288 bonum,
741 3238 767 3278 et
785 3225 901 3293 quidquid
921 3225 969 3276 trie
988 3225 1035 3275 dici
1052 3232 1139 3289 pomer.
1174 3225 1221 3272 Hir

126 3317 206 3381 utique
217 3315 288 3364 elltur
297 3313 397 3360 maxime
407 3319 550 3377 urgeturque
561 3313 614 3377 ipre
625 3311 696 3360 eletio
705 3311 777 3360 enimi
788 3329 794 3358 r
806 3311 870 3374 turpi
877 3317 966 3373 eutem,
974 3314 999 3356 et
1008 3307 1080 3368 mulo,
1089 3303 1222 3355 eontreriir·

126 3413 171 3462 que
183 3393 318 3460 hujusmodi
329 3393 410 3442 deficit
419 3401 490 3458 etque
505 3393 592 3446 interit.
624 3393 730 3458 Muguue
743 3391 826 3454 utique
836 3389 920 3438 dunin
938 3387 999 3435 orele
1014 3383 1134 3448 Iuppiter,
1145 3381 1222 3431 citone

73 3523 76 3529 .
125 3479 213 3526 elatum
224 3491 324 3533 currum,
334 3475 422 3539 primur
432 3473 530 3530 incedit,
541 3489 655 3523 exornem
666 3480 762 3534 cuncte,
774 3469 918 3534 provideque
928 3465 1066 3528 dirpouenr.
1098 3462 1171 3510 Hune
1182 3478 1220 3511 ee·

125 3559 207 3624 quitur
215 3556 320 3604 Deomm
330 3555 520 3618 Demonumque
531 3555 655 3612 exercitur,
667 3569 709 3617 per
720 3549 831 3599 undecim
843 3553 921 3612 perter
932 3544 1060 3594 ordinetur.
1093 3543 1221 3592 Permanet

125 3646 206 3688 eutem
221 3636 296 3686 Verte
310 3635 335 3683 iu
349 3635 454 3685 Deomm
471 3635 523 3684 rede
540 3635 597 3682 cole.
630 3632 704 3698 [W]
739 3631 837 3680 eliorum
853 3642 908 3677 vero
925 3625 1038 3682 Deorum,
1049 3625 1184 3690 quicunque
1195 3623 1220 3672 lu

126 3719 253 3770 duodecim
264 3733 359 3767 numero
370 3725 502 3773 censentur,
512 3716 603 3764 ducunt
614 3730 655 3778 per
666 3713 780 3770 ordinem,
791 3709 890 3777 quilibet
900 3715 927 3757 ut
936 3707 1036 3773 quicque
1043 3716 1080 3756 eet
1089 3707 1219 3754 ordinetur.

127 3801 246 3850 remur·
263 3797 335 3864 igilur
352 3799 469 3863 beeteque
487 3797 623 3864 spectacula
640 3795 805 3859 discurrurque
823 3793 886 3842 intre
900 3789 984 3841 coelnm
1001 3787 1124 3843 exelrtunt,
1136 3785 1221 3849 qulbur

127 3881 229 3930 Deomm
241 3895 316 3944 genno
327 3880 447 3926 beatorum
459 3877 572 3940 intendit,
584 3893 650 3926 eurrru
661 3875 761 3940 quieqne
772 3873 874 3922 officium
887 3885 1010 3936 peregens.
1027 3867 1132 3930 requitur
1142 3871 1220 3912 eutem

126 3976 216 4025 semper
226 3959 310 4007 rolenr
320 3965 345 4006 et
362 3966 456 4022 puteus.
489 3959 548 4007 livor
554 3957 622 4028 ¹errinr
634 3973 648 4006 e
659 3957 740 4006 divino
758 3956 830 4004 choro
842 3951 924 4018 procul
936 3953 1010 4000 ebert
1045 3948 1106 3997 Cum
1118 3959 1172 3992 vero
1189 3943 1220 3991 od

124 4041 257 4089 convivium
272 4055 300 4088 ec
312 4040 386 4102 deper
396 4041 485 4088 redunt
496 4038 616 4095 rublimeu,
634 4038 659 4086 irr
678 4037 796 4086 erelerteru
814 4031 1024 4084 circumferentium
1041 4023 1221 4094 proficiscuntur

121 4123 171 4187 jam
182 4122 346 4170 ascendeutes.
378 4119 484 4168 Deorum
496 4120 592 4183 quidem
611 4119 726 4174 vehiculu,
743 4123 801 4182 epte
815 4115 924 4175 habenis,
942 4109 1110 4174 equaliterque
1128 4105 1220 4160 librare,

124 4204 191 4253 icelle
209 4202 365 4268 gradiuntur:
381 4200 428 4249 eliu
447 4217 502 4248 vero
521 4201 570 4248 vix.
605 4207 711 4261 grevetur
728 4197 791 4244 euim
809 4192 932 4260 preriterie
953 4188 1071 4253 particeps
1087 4199 1171 4248 equus,
1188 4182 1219 4232 ed

123 4295 204 4335 terrem
221 4299 322 4348 vergens
339 4290 411 4346 etque
431 4281 533 4338 trnlrenr,
553 4279 687 4340 culcunque
706 4277 838 4338 eurigrrrurrr
860 4287 935 4337 equur
952 4283 1002 4316 uon
1022 4268 1098 4315 bonor
1118 4265 1220 4312 nutritur

122 4367 206 4416 luerit:
225 4365 265 4413 ubi
274 4364 326 4429 jeru
338 4362 404 4410 labor
414 4369 439 4410 et
449 4369 566 4409 certemen
577 4365 703 4406 extremum
715 4353 957 4418 animmproponitur.
989 4363 1042 4413 qure
1053 4346 1115 4396 enlm
1126 4345 1219 4394 immor·

121 4449 179 4496 tulee
190 4454 315 4503 vocentur,
331 4459 385 4492 curn
397 4443 427 4490 ed
438 4457 552 4490 rurumum
564 4437 722 4504 pervenerint,
735 4443 799 4483 extre
810 4447 937 4499 progrereor
949 4431 973 4479 ln
983 4428 1037 4480 ereli
1049 4427 1118 4478 doreo
1129 4427 1219 4476 eonrlr-

121 4537 180 4580 turrt.
215 4529 248 4577 ibi
261 4527 402 4578 conrutuuu
412 4521 599 4574 circumferentir
609 4513 663 4586 ipre
672 4518 815 4577 circumiert,
824 4523 895 4582 etque
904 4514 951 4565 ille
961 4511 1089 4570 intuentur,
1100 4523 1153 4574 que
1164 4511 1221 4555 ruut
