<?xml version="1.0" encoding="UTF-8"?>
<!DOCTYPE html PUBLIC "-//W3C//DTD XHTML 1.0 Transitional//EN"
    "http://www.w3.org/TR/xhtml1/DTD/xhtml1-transitional.dtd">
<html xmlns="http://www.w3.org/1999/xhtml" xml:lang="en" lang="en">
 <head>
  <title>
</title>
<meta http-equiv="Content-Type" content="text/html;charset=utf-8" />
  <meta name='ocr-system' content='tesseract 3.04.00' />
  <meta name='ocr-capabilities' content='ocr_page ocr_carea ocr_par ocr_line ocrx_word'/>
</head>
<body>
  <div class='ocr_page' id='page_1' title='image "./platonisetquaev06bekkgoog_0428.png"; bbox 0 0 3150 5316; ppageno 0'>
   <div class='ocr_carea' id='block_1_1' title="bbox 165 551 1267 636">
    <p class='ocr_par' dir='ltr' id='par_1_1' title="bbox 165 551 1267 636">
     <span class='ocr_line' id='line_1_1' title="bbox 165 551 1267 636; baseline 0.005 -21"><span class='ocrx_word' id='word_1_1' title='bbox 165 555 242 636; x_wconf 80' lang='lat' dir='ltr'><strong>eor]</strong></span> <span class='ocrx_word' id='word_1_2' title='bbox 593 551 841 618; x_wconf 83' lang='lat' dir='ltr'><strong>couvrvrurr.</strong></span> <span class='ocrx_word' id='word_1_3' title='bbox 1208 564 1267 622; x_wconf 82' lang='lat' dir='ltr'><strong>nr</strong></span> 
     </span>
    </p>
   </div>
   <div class='ocr_carea' id='block_1_2' title="bbox 96 706 1269 4533">
    <p class='ocr_par' dir='ltr' id='par_1_2' title="bbox 96 706 1269 4533">
     <span class='ocr_line' id='line_1_2' title="bbox 165 706 1266 775; baseline 0.008 -18"><span class='ocrx_word' id='word_1_4' title='bbox 165 709 284 775; x_wconf 75' lang='lat' dir='ltr'><strong>proventu</strong></span> <span class='ocrx_word' id='word_1_5' title='bbox 301 715 337 759; x_wconf 84' lang='lat' dir='ltr'><strong>ert</strong></span> <span class='ocrx_word' id='word_1_6' title='bbox 347 715 424 757; x_wconf 85' lang='lat' dir='ltr'><strong>eutero</strong></span> <span class='ocrx_word' id='word_1_7' title='bbox 436 723 496 772; x_wconf 87' lang='lat' dir='ltr'><strong>opne</strong></span> <span class='ocrx_word' id='word_1_8' title='bbox 506 709 552 756; x_wconf 86' lang='lat' dir='ltr'><strong>hoc</strong></span> <span class='ocrx_word' id='word_1_9' title='bbox 564 706 679 762; x_wconf 79' lang='lat' dir='ltr'><strong>divinum.</strong></span> <span class='ocrx_word' id='word_1_10' title='bbox 691 717 715 756; x_wconf 85' lang='lat' dir='ltr'><strong>et</strong></span> <span class='ocrx_word' id='word_1_11' title='bbox 731 710 756 758; x_wconf 87' lang='lat' dir='ltr'><strong>in</strong></span> <span class='ocrx_word' id='word_1_12' title='bbox 775 709 871 758; x_wconf 74' lang='lat' dir='ltr'><strong>animali</strong></span> <span class='ocrx_word' id='word_1_13' title='bbox 891 712 943 775; x_wconf 76' lang='lat' dir='ltr'><strong>ipro</strong></span> <span class='ocrx_word' id='word_1_14' title='bbox 962 713 1052 762; x_wconf 86' lang='lat' dir='ltr'><strong>nrortnli</strong></span> <span class='ocrx_word' id='word_1_15' title='bbox 1073 711 1204 762; x_wconf 85' lang='lat' dir='ltr'><strong>immortelo</strong></span> <span class='ocrx_word' id='word_1_16' title='bbox 1221 716 1266 766; x_wconf 86' lang='lat' dir='ltr'><strong>hoc</strong></span> 
     </span>
     <span class='ocr_line' id='line_1_3' title="bbox 165 787 1268 855; baseline 0.006 -20"><span class='ocrx_word' id='word_1_17' title='bbox 165 787 212 845; x_wconf 82' lang='lat' dir='ltr'><strong>eet,</strong></span> <span class='ocrx_word' id='word_1_18' title='bbox 223 789 349 853; x_wconf 73' lang='lat' dir='ltr'><strong>conceptio</strong></span> <span class='ocrx_word' id='word_1_19' title='bbox 358 789 450 837; x_wconf 70' lang='lat' dir='ltr'><strong>scilicet</strong></span> <span class='ocrx_word' id='word_1_20' title='bbox 459 795 484 837; x_wconf 90' lang='lat' dir='ltr'><strong>et</strong></span> <span class='ocrx_word' id='word_1_21' title='bbox 493 787 623 852; x_wconf 78' lang='lat' dir='ltr'><strong>generatio.</strong></span> <span class='ocrx_word' id='word_1_22' title='bbox 657 787 716 836; x_wconf 85' lang='lat' dir='ltr'><strong>llrnc</strong></span> <span class='ocrx_word' id='word_1_23' title='bbox 727 789 751 836; x_wconf 90' lang='lat' dir='ltr'><strong>in</strong></span> <span class='ocrx_word' id='word_1_24' title='bbox 762 805 803 848; x_wconf 91' lang='lat' dir='ltr'><strong>eo,</strong></span> <span class='ocrx_word' id='word_1_25' title='bbox 813 791 877 854; x_wconf 89' lang='lat' dir='ltr'><strong>quod</strong></span> <span class='ocrx_word' id='word_1_26' title='bbox 891 791 1104 855; x_wconf 66' lang='lat' dir='ltr'><strong>rineproportiune</strong></span> <span class='ocrx_word' id='word_1_27' title='bbox 1112 801 1137 841; x_wconf 87' lang='lat' dir='ltr'><strong>et</strong></span> <span class='ocrx_word' id='word_1_28' title='bbox 1147 795 1268 842; x_wconf 74' lang='lat' dir='ltr'><strong>dissonum</strong></span> 
     </span>
     <span class='ocr_line' id='line_1_4' title="bbox 166 867 1266 936; baseline 0.007 -22"><span class='ocrx_word' id='word_1_29' title='bbox 166 874 212 924; x_wconf 86' lang='lat' dir='ltr'><strong>eet,</strong></span> <span class='ocrx_word' id='word_1_30' title='bbox 220 867 308 931; x_wconf 78' lang='lat' dir='ltr'><strong>expleri</strong></span> <span class='ocrx_word' id='word_1_31' title='bbox 321 875 449 932; x_wconf 86' lang='lat' dir='ltr'><strong>nequeunt.</strong></span> <span class='ocrx_word' id='word_1_32' title='bbox 467 867 589 916; x_wconf 81' lang='lat' dir='ltr'><strong>dieeonunr</strong></span> <span class='ocrx_word' id='word_1_33' title='bbox 600 874 678 914; x_wconf 87' lang='lat' dir='ltr'><strong>autern</strong></span> <span class='ocrx_word' id='word_1_34' title='bbox 690 876 735 923; x_wconf 81' lang='lat' dir='ltr'><strong>eet,</strong></span> <span class='ocrx_word' id='word_1_35' title='bbox 745 870 809 930; x_wconf 90' lang='lat' dir='ltr'><strong>quod</strong></span> <span class='ocrx_word' id='word_1_36' title='bbox 821 879 897 932; x_wconf 85' lang='lat' dir='ltr'><strong>turpe.</strong></span> <span class='ocrx_word' id='word_1_37' title='bbox 905 871 935 918; x_wconf 88' lang='lat' dir='ltr'><strong>eb</strong></span> <span class='ocrx_word' id='word_1_38' title='bbox 946 872 1009 920; x_wconf 89' lang='lat' dir='ltr'><strong>omni</strong></span> <span class='ocrx_word' id='word_1_39' title='bbox 1020 875 1084 936; x_wconf 91' lang='lat' dir='ltr'><strong>quod</strong></span> <span class='ocrx_word' id='word_1_40' title='bbox 1097 881 1132 922; x_wconf 78' lang='lat' dir='ltr'><strong>est</strong></span> <span class='ocrx_word' id='word_1_41' title='bbox 1143 874 1249 922; x_wconf 83' lang='lat' dir='ltr'><strong>diuinum</strong></span> <span class='ocrx_word' id='word_1_42' title='bbox 1260 891 1266 922; x_wconf 81' lang='lat' dir='ltr'><strong>r</strong></span> 
     </span>
     <span class='ocr_line' id='line_1_5' title="bbox 167 947 1265 1016; baseline 0.006 -21"><span class='ocrx_word' id='word_1_43' title='bbox 167 948 290 1010; x_wconf 87' lang='lat' dir='ltr'><strong>pulchrum</strong></span> <span class='ocrx_word' id='word_1_44' title='bbox 306 965 361 998; x_wconf 84' lang='lat' dir='ltr'><strong>vero</strong></span> <span class='ocrx_word' id='word_1_45' title='bbox 376 947 458 997; x_wconf 80' lang='lat' dir='ltr'><strong>divino</strong></span> <span class='ocrx_word' id='word_1_46' title='bbox 468 963 608 997; x_wconf 75' lang='lat' dir='ltr'><strong>consonum.</strong></span> <span class='ocrx_word' id='word_1_47' title='bbox 642 947 715 996; x_wconf 83' lang='lat' dir='ltr'><strong>Parce</strong></span> <span class='ocrx_word' id='word_1_48' title='bbox 729 948 799 1010; x_wconf 76' lang='lat' dir='ltr'><strong>igitur</strong></span> <span class='ocrx_word' id='word_1_49' title='bbox 809 959 834 997; x_wconf 85' lang='lat' dir='ltr'><strong>et</strong></span> <span class='ocrx_word' id='word_1_50' title='bbox 845 951 936 998; x_wconf 90' lang='lat' dir='ltr'><strong>Lucine</strong></span> <span class='ocrx_word' id='word_1_51' title='bbox 954 954 1100 1016; x_wconf 75' lang='lat' dir='ltr'><strong>generationi</strong></span> <span class='ocrx_word' id='word_1_52' title='bbox 1114 953 1265 1016; x_wconf 76' lang='lat' dir='ltr'><strong>pulchritudo</strong></span> 
     </span>
     <span class='ocr_line' id='line_1_6' title="bbox 165 1027 1269 1098; baseline 0.007 -24"><span class='ocrx_word' id='word_1_53' title='bbox 165 1027 218 1090; x_wconf 81' lang='lat' dir='ltr'><strong>ipre</strong></span> <span class='ocrx_word' id='word_1_54' title='bbox 229 1035 273 1078; x_wconf 84' lang='lat' dir='ltr'><strong>eet.</strong></span> <span class='ocrx_word' id='word_1_55' title='bbox 306 1029 425 1087; x_wconf 74' lang='lat' dir='ltr'><strong>Quocirca</strong></span> <span class='ocrx_word' id='word_1_56' title='bbox 436 1029 547 1092; x_wconf 78' lang='lat' dir='ltr'><strong>quotiens</strong></span> <span class='ocrx_word' id='word_1_57' title='bbox 557 1027 665 1090; x_wconf 84' lang='lat' dir='ltr'><strong>pulchro,</strong></span> <span class='ocrx_word' id='word_1_58' title='bbox 676 1028 741 1091; x_wconf 90' lang='lat' dir='ltr'><strong>quud</strong></span> <span class='ocrx_word' id='word_1_59' title='bbox 754 1029 875 1090; x_wconf 77' lang='lat' dir='ltr'><strong>gravidum</strong></span> <span class='ocrx_word' id='word_1_60' title='bbox 886 1039 930 1090; x_wconf 88' lang='lat' dir='ltr'><strong>eat,</strong></span> <span class='ocrx_word' id='word_1_61' title='bbox 941 1034 1054 1091; x_wconf 80' lang='lat' dir='ltr'><strong>edlrreret,</strong></span> <span class='ocrx_word' id='word_1_62' title='bbox 1067 1034 1198 1098; x_wconf 79' lang='lat' dir='ltr'><strong>letitieque</strong></span> <span class='ocrx_word' id='word_1_63' title='bbox 1215 1049 1269 1098; x_wconf 77' lang='lat' dir='ltr'><strong>ger·</strong></span> 
     </span>
     <span class='ocr_line' id='line_1_7' title="bbox 165 1107 1265 1177; baseline 0.006 -24"><span class='ocrx_word' id='word_1_64' title='bbox 165 1107 334 1164; x_wconf 68' lang='lat' dir='ltr'><strong>richilanem</strong></span> <span class='ocrx_word' id='word_1_65' title='bbox 350 1117 375 1158; x_wconf 92' lang='lat' dir='ltr'><strong>et</strong></span> <span class='ocrx_word' id='word_1_66' title='bbox 389 1109 513 1173; x_wconf 82' lang='lat' dir='ltr'><strong>voluptete</strong></span> <span class='ocrx_word' id='word_1_67' title='bbox 523 1107 673 1172; x_wconf 70' lang='lat' dir='ltr'><strong>diffunditur,</strong></span> <span class='ocrx_word' id='word_1_68' title='bbox 684 1108 791 1172; x_wconf 73' lang='lat' dir='ltr'><strong>paritque</strong></span> <span class='ocrx_word' id='word_1_69' title='bbox 809 1117 834 1156; x_wconf 92' lang='lat' dir='ltr'><strong>et</strong></span> <span class='ocrx_word' id='word_1_70' title='bbox 844 1119 947 1172; x_wconf 80' lang='lat' dir='ltr'><strong>generet.</strong></span> <span class='ocrx_word' id='word_1_71' title='bbox 965 1121 1047 1160; x_wconf 86' lang='lat' dir='ltr'><strong>contre</strong></span> <span class='ocrx_word' id='word_1_72' title='bbox 1059 1129 1122 1169; x_wconf 78' lang='lat' dir='ltr'><strong>nero,</strong></span> <span class='ocrx_word' id='word_1_73' title='bbox 1135 1130 1189 1163; x_wconf 90' lang='lat' dir='ltr'><strong>cunr</strong></span> <span class='ocrx_word' id='word_1_74' title='bbox 1202 1113 1265 1177; x_wconf 84' lang='lat' dir='ltr'><strong>turpi</strong></span> 
     </span>
     <span class='ocr_line' id='line_1_8' title="bbox 166 1188 1267 1256; baseline 0.008 -21"><span class='ocrx_word' id='word_1_75' title='bbox 166 1189 318 1254; x_wconf 78' lang='lat' dir='ltr'><strong>propinquat,</strong></span> <span class='ocrx_word' id='word_1_76' title='bbox 330 1189 423 1238; x_wconf 85' lang='lat' dir='ltr'><strong>trirtitie</strong></span> <span class='ocrx_word' id='word_1_77' title='bbox 433 1189 536 1254; x_wconf 82' lang='lat' dir='ltr'><strong>quedem</strong></span> <span class='ocrx_word' id='word_1_78' title='bbox 547 1195 572 1237; x_wconf 90' lang='lat' dir='ltr'><strong>et</strong></span> <span class='ocrx_word' id='word_1_79' title='bbox 583 1188 665 1237; x_wconf 90' lang='lat' dir='ltr'><strong>dolore</strong></span> <span class='ocrx_word' id='word_1_80' title='bbox 676 1190 831 1245; x_wconf 71' lang='lat' dir='ltr'><strong>contrabitur,</strong></span> <span class='ocrx_word' id='word_1_81' title='bbox 842 1192 1030 1256; x_wconf 86' lang='lat' dir='ltr'><strong>ebeterretnrque</strong></span> <span class='ocrx_word' id='word_1_82' title='bbox 1043 1202 1068 1243; x_wconf 89' lang='lat' dir='ltr'><strong>et</strong></span> <span class='ocrx_word' id='word_1_83' title='bbox 1080 1195 1212 1256; x_wconf 80' lang='lat' dir='ltr'><strong>cohibetur,</strong></span> <span class='ocrx_word' id='word_1_84' title='bbox 1222 1211 1267 1244; x_wconf 88' lang='lat' dir='ltr'><strong>nec</strong></span> 
     </span>
     <span class='ocr_line' id='line_1_9' title="bbox 167 1268 1262 1336; baseline 0.005 -20"><span class='ocrx_word' id='word_1_85' title='bbox 167 1268 251 1332; x_wconf 75' lang='lat' dir='ltr'><strong>gignit,</strong></span> <span class='ocrx_word' id='word_1_86' title='bbox 267 1270 309 1318; x_wconf 91' lang='lat' dir='ltr'><strong>eed</strong></span> <span class='ocrx_word' id='word_1_87' title='bbox 326 1270 409 1318; x_wconf 82' lang='lat' dir='ltr'><strong>iterum</strong></span> <span class='ocrx_word' id='word_1_88' title='bbox 427 1270 529 1318; x_wconf 84' lang='lat' dir='ltr'><strong>retinenr</strong></span> <span class='ocrx_word' id='word_1_89' title='bbox 549 1269 649 1333; x_wconf 82' lang='lat' dir='ltr'><strong>angitur.</strong></span> <span class='ocrx_word' id='word_1_90' title='bbox 683 1269 834 1334; x_wconf 69' lang='lat' dir='ltr'><strong>Quapropter</strong></span> <span class='ocrx_word' id='word_1_91' title='bbox 845 1272 910 1336; x_wconf 87' lang='lat' dir='ltr'><strong>quud</strong></span> <span class='ocrx_word' id='word_1_92' title='bbox 922 1273 1041 1336; x_wconf 85' lang='lat' dir='ltr'><strong>concepit,</strong></span> <span class='ocrx_word' id='word_1_93' title='bbox 1052 1281 1077 1321; x_wconf 92' lang='lat' dir='ltr'><strong>et</strong></span> <span class='ocrx_word' id='word_1_94' title='bbox 1089 1273 1138 1336; x_wconf 79' lang='lat' dir='ltr'><strong>jero</strong></span> <span class='ocrx_word' id='word_1_95' title='bbox 1151 1274 1262 1336; x_wconf 77' lang='lat' dir='ltr'><strong>luxuriet,</strong></span> 
     </span>
     <span class='ocr_line' id='line_1_10' title="bbox 164 1348 1266 1417; baseline 0.005 -21"><span class='ocrx_word' id='word_1_96' title='bbox 164 1349 321 1413; x_wconf 82' lang='lat' dir='ltr'><strong>edultumque</strong></span> <span class='ocrx_word' id='word_1_97' title='bbox 330 1351 360 1398; x_wconf 93' lang='lat' dir='ltr'><strong>ed</strong></span> <span class='ocrx_word' id='word_1_98' title='bbox 373 1351 546 1413; x_wconf 82' lang='lat' dir='ltr'><strong>generetionem</strong></span> <span class='ocrx_word' id='word_1_99' title='bbox 557 1348 661 1411; x_wconf 86' lang='lat' dir='ltr'><strong>enhelet,</strong></span> <span class='ocrx_word' id='word_1_100' title='bbox 672 1349 734 1398; x_wconf 88' lang='lat' dir='ltr'><strong>circe</strong></span> <span class='ocrx_word' id='word_1_101' title='bbox 746 1350 868 1413; x_wconf 86' lang='lat' dir='ltr'><strong>pulchrum</strong></span> <span class='ocrx_word' id='word_1_102' title='bbox 880 1359 905 1399; x_wconf 90' lang='lat' dir='ltr'><strong>et</strong></span> <span class='ocrx_word' id='word_1_103' title='bbox 917 1351 1042 1414; x_wconf 85' lang='lat' dir='ltr'><strong>plurimum</strong></span> <span class='ocrx_word' id='word_1_104' title='bbox 1053 1353 1195 1410; x_wconf 76' lang='lat' dir='ltr'><strong>obt-creatur,</strong></span> <span class='ocrx_word' id='word_1_105' title='bbox 1206 1369 1266 1417; x_wconf 90' lang='lat' dir='ltr'><strong>quo·</strong></span> 
     </span>
     <span class='ocr_line' id='line_1_11' title="bbox 164 1429 1267 1496; baseline 0.005 -18"><span class='ocrx_word' id='word_1_106' title='bbox 164 1431 228 1479; x_wconf 86' lang='lat' dir='ltr'><strong>niem</strong></span> <span class='ocrx_word' id='word_1_107' title='bbox 241 1431 297 1480; x_wconf 89' lang='lat' dir='ltr'><strong>inde</strong></span> <span class='ocrx_word' id='word_1_108' title='bbox 307 1430 354 1479; x_wconf 85' lang='lat' dir='ltr'><strong>neri</strong></span> <span class='ocrx_word' id='word_1_109' title='bbox 361 1431 479 1478; x_wconf 70' lang='lat' dir='ltr'><strong>anxietate</strong></span> <span class='ocrx_word' id='word_1_110' title='bbox 491 1430 588 1479; x_wconf 88' lang='lat' dir='ltr'><strong>leretur.</strong></span> <span class='ocrx_word' id='word_1_111' title='bbox 600 1437 636 1479; x_wconf 86' lang='lat' dir='ltr'><strong>eet</strong></span> <span class='ocrx_word' id='word_1_112' title='bbox 645 1429 709 1478; x_wconf 87' lang='lat' dir='ltr'><strong>eninr</strong></span> <span class='ocrx_word' id='word_1_113' title='bbox 720 1445 785 1479; x_wconf 87' lang='lat' dir='ltr'><strong>anror</strong></span> <span class='ocrx_word' id='word_1_114' title='bbox 795 1447 843 1479; x_wconf 92' lang='lat' dir='ltr'><strong>non</strong></span> <span class='ocrx_word' id='word_1_115' title='bbox 854 1431 959 1495; x_wconf 78' lang='lat' dir='ltr'><strong>pulchri,</strong></span> <span class='ocrx_word' id='word_1_116' title='bbox 968 1430 1107 1491; x_wconf 84' lang='lat' dir='ltr'><strong>oSocretee,</strong></span> <span class='ocrx_word' id='word_1_117' title='bbox 1115 1441 1142 1478; x_wconf 92' lang='lat' dir='ltr'><strong>ut</strong></span> <span class='ocrx_word' id='word_1_118' title='bbox 1150 1439 1175 1481; x_wconf 89' lang='lat' dir='ltr'><strong>tu</strong></span> <span class='ocrx_word' id='word_1_119' title='bbox 1185 1439 1267 1496; x_wconf 81' lang='lat' dir='ltr'><strong>putor.</strong></span> 
     </span>
     <span class='ocr_line' id='line_1_12' title="bbox 164 1509 1264 1575; baseline 0.003 -17"><span class='ocrx_word' id='word_1_120' title='bbox 164 1511 210 1560; x_wconf 88' lang='lat' dir='ltr'><strong>So.</strong></span> <span class='ocrx_word' id='word_1_121' title='bbox 228 1510 263 1559; x_wconf 79' lang='lat' dir='ltr'><strong>Ar</strong></span> <span class='ocrx_word' id='word_1_122' title='bbox 280 1510 366 1572; x_wconf 87' lang='lat' dir='ltr'><strong>cujue?</strong></span> <span class='ocrx_word' id='word_1_123' title='bbox 399 1510 461 1558; x_wconf 92' lang='lat' dir='ltr'><strong>Dro.</strong></span> <span class='ocrx_word' id='word_1_124' title='bbox 478 1509 644 1558; x_wconf 81' lang='lat' dir='ltr'><strong>Generedcnle</strong></span> <span class='ocrx_word' id='word_1_125' title='bbox 664 1517 791 1575; x_wconf 84' lang='lat' dir='ltr'><strong>pertueque</strong></span> <span class='ocrx_word' id='word_1_126' title='bbox 809 1509 833 1558; x_wconf 90' lang='lat' dir='ltr'><strong>in</strong></span> <span class='ocrx_word' id='word_1_127' title='bbox 852 1511 959 1575; x_wconf 83' lang='lat' dir='ltr'><strong>pulchro.</strong></span> <span class='ocrx_word' id='word_1_128' title='bbox 993 1512 1035 1560; x_wconf 84' lang='lat' dir='ltr'><strong>So.</strong></span> <span class='ocrx_word' id='word_1_129' title='bbox 1053 1510 1164 1559; x_wconf 79' lang='lat' dir='ltr'><strong>Revere?</strong></span> <span class='ocrx_word' id='word_1_130' title='bbox 1200 1511 1264 1561; x_wconf 90' lang='lat' dir='ltr'><strong>Dro.</strong></span> 
     </span>
     <span class='ocr_line' id='line_1_13' title="bbox 164 1589 1265 1655; baseline 0 -17"><span class='ocrx_word' id='word_1_131' title='bbox 164 1590 270 1650; x_wconf 82' lang='lat' dir='ltr'><strong>Rerem,</strong></span> <span class='ocrx_word' id='word_1_132' title='bbox 282 1589 386 1653; x_wconf 79' lang='lat' dir='ltr'><strong>inquom.</strong></span> <span class='ocrx_word' id='word_1_133' title='bbox 418 1591 461 1638; x_wconf 84' lang='lat' dir='ltr'><strong>So.</strong></span> <span class='ocrx_word' id='word_1_134' title='bbox 477 1590 527 1638; x_wconf 88' lang='lat' dir='ltr'><strong>Cur</strong></span> <span class='ocrx_word' id='word_1_135' title='bbox 535 1589 710 1654; x_wconf 72' lang='lat' dir='ltr'><strong>generationis?</strong></span> <span class='ocrx_word' id='word_1_136' title='bbox 745 1591 806 1640; x_wconf 89' lang='lat' dir='ltr'><strong>Dro.</strong></span> <span class='ocrx_word' id='word_1_137' title='bbox 824 1590 888 1648; x_wconf 85' lang='lat' dir='ltr'><strong>Quin</strong></span> <span class='ocrx_word' id='word_1_138' title='bbox 900 1607 963 1640; x_wconf 86' lang='lat' dir='ltr'><strong>emor</strong></span> <span class='ocrx_word' id='word_1_139' title='bbox 975 1591 1142 1654; x_wconf 88' lang='lat' dir='ltr'><strong>aempiternurn</strong></span> <span class='ocrx_word' id='word_1_140' title='bbox 1151 1591 1265 1655; x_wconf 87' lang='lat' dir='ltr'><strong>quiddern</strong></span> 
     </span>
     <span class='ocr_line' id='line_1_14' title="bbox 164 1669 1265 1735; baseline 0.004 -19"><span class='ocrx_word' id='word_1_141' title='bbox 164 1674 202 1716; x_wconf 83' lang='lat' dir='ltr'><strong>eet</strong></span> <span class='ocrx_word' id='word_1_142' title='bbox 212 1677 237 1716; x_wconf 92' lang='lat' dir='ltr'><strong>et</strong></span> <span class='ocrx_word' id='word_1_143' title='bbox 250 1669 389 1727; x_wconf 88' lang='lat' dir='ltr'><strong>immortale,</strong></span> <span class='ocrx_word' id='word_1_144' title='bbox 404 1671 601 1734; x_wconf 86' lang='lat' dir='ltr'><strong>quemedmodnm</strong></span> <span class='ocrx_word' id='word_1_145' title='bbox 617 1669 642 1718; x_wconf 92' lang='lat' dir='ltr'><strong>in</strong></span> <span class='ocrx_word' id='word_1_146' title='bbox 660 1671 712 1735; x_wconf 80' lang='lat' dir='ltr'><strong>ipso</strong></span> <span class='ocrx_word' id='word_1_147' title='bbox 724 1671 815 1720; x_wconf 76' lang='lat' dir='ltr'><strong>mortali</strong></span> <span class='ocrx_word' id='word_1_148' title='bbox 826 1671 955 1734; x_wconf 78' lang='lat' dir='ltr'><strong>generetio.</strong></span> <span class='ocrx_word' id='word_1_149' title='bbox 972 1670 1172 1720; x_wconf 86' lang='lat' dir='ltr'><strong>immortalitatem</strong></span> <span class='ocrx_word' id='word_1_150' title='bbox 1191 1670 1265 1734; x_wconf 75' lang='lat'><strong>[2⁰7]</strong></span> 
     </span>
     <span class='ocr_line' id='line_1_15' title="bbox 164 1749 1266 1815; baseline 0.001 -18"><span class='ocrx_word' id='word_1_151' title='bbox 164 1755 244 1797; x_wconf 85' lang='lat' dir='ltr'><strong>entem</strong></span> <span class='ocrx_word' id='word_1_152' title='bbox 256 1764 302 1795; x_wconf 86' lang='lat' dir='ltr'><strong>nnn</strong></span> <span class='ocrx_word' id='word_1_153' title='bbox 312 1764 366 1797; x_wconf 83' lang='lat' dir='ltr'><strong>cunr</strong></span> <span class='ocrx_word' id='word_1_154' title='bbox 377 1749 440 1798; x_wconf 89' lang='lat' dir='ltr'><strong>bono</strong></span> <span class='ocrx_word' id='word_1_155' title='bbox 453 1757 565 1813; x_wconf 75' lang='lat' dir='ltr'><strong>appetere</strong></span> <span class='ocrx_word' id='word_1_156' title='bbox 576 1765 673 1799; x_wconf 81' lang='lat' dir='ltr'><strong>necerae</strong></span> <span class='ocrx_word' id='word_1_157' title='bbox 683 1759 720 1799; x_wconf 87' lang='lat' dir='ltr'><strong>ert</strong></span> <span class='ocrx_word' id='word_1_158' title='bbox 730 1767 759 1799; x_wconf 81' lang='lat' dir='ltr'><strong>ex</strong></span> <span class='ocrx_word' id='word_1_159' title='bbox 769 1750 825 1807; x_wconf 80' lang='lat' dir='ltr'><strong>illis.</strong></span> <span class='ocrx_word' id='word_1_160' title='bbox 836 1767 890 1815; x_wconf 81' lang='lat' dir='ltr'><strong>que</strong></span> <span class='ocrx_word' id='word_1_161' title='bbox 900 1767 972 1814; x_wconf 86' lang='lat' dir='ltr'><strong>eupre</strong></span> <span class='ocrx_word' id='word_1_162' title='bbox 980 1749 1148 1811; x_wconf 72' lang='lat' dir='ltr'><strong>concessione,</strong></span> <span class='ocrx_word' id='word_1_163' title='bbox 1157 1751 1266 1813; x_wconf 84' lang='lat' dir='ltr'><strong>quendu-</strong></span> 
     </span>
     <span class='ocr_line' id='line_1_16' title="bbox 165 1828 1265 1894; baseline 0.004 -18"><span class='ocrx_word' id='word_1_164' title='bbox 165 1828 262 1894; x_wconf 88' lang='lat' dir='ltr'><strong>qnidern</strong></span> <span class='ocrx_word' id='word_1_165' title='bbox 274 1843 338 1876; x_wconf 91' lang='lat' dir='ltr'><strong>emor</strong></span> <span class='ocrx_word' id='word_1_166' title='bbox 349 1837 385 1878; x_wconf 82' lang='lat' dir='ltr'><strong>ert</strong></span> <span class='ocrx_word' id='word_1_167' title='bbox 402 1830 526 1893; x_wconf 71' lang='lat' dir='ltr'><strong>appetitio,</strong></span> <span class='ocrx_word' id='word_1_168' title='bbox 537 1845 585 1894; x_wconf 86' lang='lat' dir='ltr'><strong>que</strong></span> <span class='ocrx_word' id='word_1_169' title='bbox 602 1831 689 1878; x_wconf 90' lang='lat' dir='ltr'><strong>bonurn</strong></span> <span class='ocrx_word' id='word_1_170' title='bbox 706 1831 750 1879; x_wconf 90' lang='lat' dir='ltr'><strong>eibi</strong></span> <span class='ocrx_word' id='word_1_171' title='bbox 761 1831 861 1894; x_wconf 76' lang='lat' dir='ltr'><strong>quisque</strong></span> <span class='ocrx_word' id='word_1_172' title='bbox 873 1847 966 1894; x_wconf 89' lang='lat' dir='ltr'><strong>eemper</strong></span> <span class='ocrx_word' id='word_1_173' title='bbox 975 1832 1057 1880; x_wconf 82' lang='lat' dir='ltr'><strong>edeare</strong></span> <span class='ocrx_word' id='word_1_174' title='bbox 1068 1832 1194 1880; x_wconf 81' lang='lat' dir='ltr'><strong>desideret.</strong></span> <span class='ocrx_word' id='word_1_175' title='bbox 1231 1831 1265 1880; x_wconf 76' lang='lat' dir='ltr'><strong>Er</strong></span> 
     </span>
     <span class='ocr_line' id='line_1_17' title="bbox 164 1909 1266 1975; baseline 0.002 -19"><span class='ocrx_word' id='word_1_176' title='bbox 164 1911 202 1957; x_wconf 85' lang='lat' dir='ltr'><strong>hie</strong></span> <span class='ocrx_word' id='word_1_177' title='bbox 212 1909 371 1966; x_wconf 87' lang='lat' dir='ltr'><strong>concluditur,</strong></span> <span class='ocrx_word' id='word_1_178' title='bbox 383 1925 484 1959; x_wconf 85' lang='lat' dir='ltr'><strong>ernerern</strong></span> <span class='ocrx_word' id='word_1_179' title='bbox 496 1909 675 1959; x_wconf 84' lang='lat' dir='ltr'><strong>imrrrortelitetie</strong></span> <span class='ocrx_word' id='word_1_180' title='bbox 685 1925 780 1975; x_wconf 92' lang='lat' dir='ltr'><strong>quoque</strong></span> <span class='ocrx_word' id='word_1_181' title='bbox 792 1909 935 1958; x_wconf 73' lang='lat' dir='ltr'><strong>desiderium</strong></span> <span class='ocrx_word' id='word_1_182' title='bbox 953 1925 1012 1959; x_wconf 82' lang='lat' dir='ltr'><strong>eree.</strong></span> <span class='ocrx_word' id='word_1_183' title='bbox 1046 1909 1105 1958; x_wconf 77' lang='lat' dir='ltr'><strong>llaec</strong></span> <span class='ocrx_word' id='word_1_184' title='bbox 1116 1910 1193 1958; x_wconf 90' lang='lat' dir='ltr'><strong>onrnie</strong></span> <span class='ocrx_word' id='word_1_185' title='bbox 1206 1909 1266 1960; x_wconf 82' lang='lat' dir='ltr'><strong>milri</strong></span> 
     </span>
     <span class='ocr_line' id='line_1_18' title="bbox 165 1989 1264 2054; baseline 0.001 -17"><span class='ocrx_word' id='word_1_186' title='bbox 165 1989 272 2039; x_wconf 89' lang='lat' dir='ltr'><strong>Dictirne</strong></span> <span class='ocrx_word' id='word_1_187' title='bbox 290 1989 396 2053; x_wconf 88' lang='lat' dir='ltr'><strong>tradidit,</strong></span> <span class='ocrx_word' id='word_1_188' title='bbox 406 2004 460 2038; x_wconf 89' lang='lat' dir='ltr'><strong>curn</strong></span> <span class='ocrx_word' id='word_1_189' title='bbox 479 1990 509 2039; x_wconf 92' lang='lat' dir='ltr'><strong>de</strong></span> <span class='ocrx_word' id='word_1_190' title='bbox 527 1991 644 2038; x_wconf 82' lang='lat' dir='ltr'><strong>emeteriie</strong></span> <span class='ocrx_word' id='word_1_191' title='bbox 660 2005 790 2039; x_wconf 69' lang='lat' dir='ltr'><strong>emmonem</strong></span> <span class='ocrx_word' id='word_1_192' title='bbox 808 1990 898 2038; x_wconf 80' lang='lat' dir='ltr'><strong>hebuit.</strong></span> <span class='ocrx_word' id='word_1_193' title='bbox 917 2005 961 2038; x_wconf 92' lang='lat' dir='ltr'><strong>nec</strong></span> <span class='ocrx_word' id='word_1_194' title='bbox 979 2005 1027 2036; x_wconf 90' lang='lat' dir='ltr'><strong>non</strong></span> <span class='ocrx_word' id='word_1_195' title='bbox 1044 1990 1077 2036; x_wconf 84' lang='lat' dir='ltr'><strong>eie</strong></span> <span class='ocrx_word' id='word_1_196' title='bbox 1097 1989 1264 2054; x_wconf 76' lang='lat' dir='ltr'><strong>interrogeritr</strong></span> 
     </span>
     <span class='ocr_line' id='line_1_19' title="bbox 164 2069 1264 2136; baseline 0.001 -19"><span class='ocrx_word' id='word_1_197' title='bbox 164 2069 242 2126; x_wconf 86' lang='lat' dir='ltr'><strong>Quem</strong></span> <span class='ocrx_word' id='word_1_198' title='bbox 263 2070 334 2135; x_wconf 78' lang='lat' dir='ltr'><strong>hujus</strong></span> <span class='ocrx_word' id='word_1_199' title='bbox 350 2072 434 2118; x_wconf 87' lang='lat' dir='ltr'><strong>emorie</strong></span> <span class='ocrx_word' id='word_1_200' title='bbox 452 2071 635 2136; x_wconf 74' lang='lat' dir='ltr'><strong>cupiditatisque</strong></span> <span class='ocrx_word' id='word_1_201' title='bbox 654 2085 783 2135; x_wconf 84' lang='lat' dir='ltr'><strong>ceueem,o</strong></span> <span class='ocrx_word' id='word_1_202' title='bbox 801 2070 918 2126; x_wconf 73' lang='lat' dir='ltr'><strong>Socrates,</strong></span> <span class='ocrx_word' id='word_1_203' title='bbox 935 2069 1068 2118; x_wconf 72' lang='lat' dir='ltr'><strong>arbitraria?</strong></span> <span class='ocrx_word' id='word_1_204' title='bbox 1085 2084 1116 2116; x_wconf 91' lang='lat' dir='ltr'><strong>en</strong></span> <span class='ocrx_word' id='word_1_205' title='bbox 1129 2085 1176 2118; x_wconf 92' lang='lat' dir='ltr'><strong>non</strong></span> <span class='ocrx_word' id='word_1_206' title='bbox 1188 2071 1264 2133; x_wconf 79' lang='lat' dir='ltr'><strong>vider,</strong></span> 
     </span>
     <span class='ocr_line' id='line_1_20' title="bbox 164 2139 1264 2214; baseline -0.001 -17"><span class='ocrx_word' id='word_1_207' title='bbox 164 2164 235 2214; x_wconf 87' lang='lat' dir='ltr'><strong>qoem</strong></span> <span class='ocrx_word' id='word_1_208' title='bbox 246 2139 346 2214; x_wconf 76' lang='lat' dir='ltr'><strong>greriter</strong></span> <span class='ocrx_word' id='word_1_209' title='bbox 355 2150 489 2200; x_wconf 81' lang='lat' dir='ltr'><strong>efficiuntur</strong></span> <span class='ocrx_word' id='word_1_210' title='bbox 499 2149 629 2198; x_wconf 84' lang='lat' dir='ltr'><strong>enimentee</strong></span> <span class='ocrx_word' id='word_1_211' title='bbox 640 2165 731 2210; x_wconf 88' lang='lat' dir='ltr'><strong>omnee,</strong></span> <span class='ocrx_word' id='word_1_212' title='bbox 742 2159 768 2198; x_wconf 94' lang='lat' dir='ltr'><strong>et</strong></span> <span class='ocrx_word' id='word_1_213' title='bbox 776 2165 831 2214; x_wconf 76' lang='lat' dir='ltr'><strong>quer</strong></span> <span class='ocrx_word' id='word_1_214' title='bbox 842 2151 984 2212; x_wconf 76' lang='lat' dir='ltr'><strong>gredirrntur</strong></span> <span class='ocrx_word' id='word_1_215' title='bbox 994 2156 1019 2198; x_wconf 90' lang='lat' dir='ltr'><strong>et</strong></span> <span class='ocrx_word' id='word_1_216' title='bbox 1038 2165 1091 2212; x_wconf 80' lang='lat' dir='ltr'><strong>quer</strong></span> <span class='ocrx_word' id='word_1_217' title='bbox 1102 2149 1193 2205; x_wconf 85' lang='lat' dir='ltr'><strong>volent,</strong></span> <span class='ocrx_word' id='word_1_218' title='bbox 1210 2165 1264 2198; x_wconf 90' lang='lat' dir='ltr'><strong>curn</strong></span> 
     </span>
     <span class='ocr_line' id='line_1_21' title="bbox 163 2228 1265 2294; baseline -0.002 -16"><span class='ocrx_word' id='word_1_219' title='bbox 163 2232 195 2278; x_wconf 86' lang='lat' dir='ltr'><strong>ed</strong></span> <span class='ocrx_word' id='word_1_220' title='bbox 208 2232 381 2294; x_wconf 77' lang='lat' dir='ltr'><strong>generationem</strong></span> <span class='ocrx_word' id='word_1_221' title='bbox 392 2238 442 2278; x_wconf 89' lang='lat' dir='ltr'><strong>toto</strong></span> <span class='ocrx_word' id='word_1_222' title='bbox 451 2230 542 2293; x_wconf 85' lang='lat' dir='ltr'><strong>impetu</strong></span> <span class='ocrx_word' id='word_1_223' title='bbox 554 2230 702 2293; x_wconf 76' lang='lat' dir='ltr'><strong>proderentur</strong></span> <span class='ocrx_word' id='word_1_224' title='bbox 712 2237 736 2276; x_wconf 90' lang='lat' dir='ltr'><strong>et</strong></span> <span class='ocrx_word' id='word_1_225' title='bbox 746 2228 830 2280; x_wconf 84' lang='lat' dir='ltr'><strong>ameria</strong></span> <span class='ocrx_word' id='word_1_226' title='bbox 848 2231 931 2278; x_wconf 88' lang='lat' dir='ltr'><strong>erdere</strong></span> <span class='ocrx_word' id='word_1_227' title='bbox 949 2229 1088 2277; x_wconf 85' lang='lat' dir='ltr'><strong>ineeniunti</strong></span> <span class='ocrx_word' id='word_1_228' title='bbox 1121 2229 1265 2292; x_wconf 85' lang='lat' dir='ltr'><strong>Prirrtoqui·</strong></span> 
     </span>
     <span class='ocr_line' id='line_1_22' title="bbox 165 2308 1264 2375; baseline -0.004 -16"><span class='ocrx_word' id='word_1_229' title='bbox 165 2311 220 2359; x_wconf 87' lang='lat' dir='ltr'><strong>dem</strong></span> <span class='ocrx_word' id='word_1_230' title='bbox 232 2309 390 2374; x_wconf 74' lang='lat' dir='ltr'><strong>generationis</strong></span> <span class='ocrx_word' id='word_1_231' title='bbox 401 2325 471 2359; x_wconf 83' lang='lat' dir='ltr'><strong>crure</strong></span> <span class='ocrx_word' id='word_1_232' title='bbox 481 2323 552 2375; x_wconf 85' lang='lat' dir='ltr'><strong>quern</strong></span> <span class='ocrx_word' id='word_1_233' title='bbox 563 2310 712 2358; x_wconf 85' lang='lat' dir='ltr'><strong>vehementer</strong></span> <span class='ocrx_word' id='word_1_234' title='bbox 722 2310 834 2373; x_wconf 75' lang='lat' dir='ltr'><strong>congredi</strong></span> <span class='ocrx_word' id='word_1_235' title='bbox 845 2309 1031 2374; x_wconf 86' lang='lat' dir='ltr'><strong>concuplecunt!</strong></span> <span class='ocrx_word' id='word_1_236' title='bbox 1050 2308 1138 2357; x_wconf 88' lang='lat' dir='ltr'><strong>deinde</strong></span> <span class='ocrx_word' id='word_1_237' title='bbox 1147 2316 1264 2372; x_wconf 85' lang='lat' dir='ltr'><strong>quentunr</strong></span> 
     </span>
     <span class='ocr_line' id='line_1_23' title="bbox 164 2385 1262 2453; baseline -0.004 -13"><span class='ocrx_word' id='word_1_238' title='bbox 164 2389 226 2440; x_wconf 85' lang='lat' dir='ltr'><strong>&#39;circe</strong></span> <span class='ocrx_word' id='word_1_239' title='bbox 236 2400 343 2439; x_wconf 79' lang='lat' dir='ltr'><strong>notorum</strong></span> <span class='ocrx_word' id='word_1_240' title='bbox 354 2390 465 2439; x_wconf 84' lang='lat' dir='ltr'><strong>elimente</strong></span> <span class='ocrx_word' id='word_1_241' title='bbox 477 2389 597 2442; x_wconf 73' lang='lat' dir='ltr'><strong>laboranti</strong></span> <span class='ocrx_word' id='word_1_242' title='bbox 615 2390 743 2453; x_wconf 89' lang='lat' dir='ltr'><strong>horumque</strong></span> <span class='ocrx_word' id='word_1_243' title='bbox 754 2404 826 2437; x_wconf 82' lang='lat' dir='ltr'><strong>ceure</strong></span> <span class='ocrx_word' id='word_1_244' title='bbox 843 2388 961 2438; x_wconf 82' lang='lat' dir='ltr'><strong>imbecille</strong></span> <span class='ocrx_word' id='word_1_245' title='bbox 971 2388 1041 2437; x_wconf 84' lang='lat' dir='ltr'><strong>etiem</strong></span> <span class='ocrx_word' id='word_1_246' title='bbox 1057 2385 1168 2436; x_wconf 87' lang='lat' dir='ltr'><strong>enimelie</strong></span> <span class='ocrx_word' id='word_1_247' title='bbox 1180 2387 1262 2436; x_wconf 90' lang='lat' dir='ltr'><strong>edrer-</strong></span> 
     </span>
     <span class='ocr_line' id='line_1_24' title="bbox 164 2467 1263 2534; baseline -0.003 -16"><span class='ocrx_word' id='word_1_248' title='bbox 164 2486 204 2518; x_wconf 82' lang='lat' dir='ltr'><strong>rue</strong></span> <span class='ocrx_word' id='word_1_249' title='bbox 220 2470 378 2518; x_wconf 84' lang='lat' dir='ltr'><strong>nrburtieairue</strong></span> <span class='ocrx_word' id='word_1_250' title='bbox 394 2469 476 2534; x_wconf 82' lang='lat' dir='ltr'><strong>prrelie</strong></span> <span class='ocrx_word' id='word_1_251' title='bbox 495 2475 641 2532; x_wconf 68' lang='lat' dir='ltr'><strong>percernere</strong></span> <span class='ocrx_word' id='word_1_252' title='bbox 659 2485 703 2534; x_wconf 93' lang='lat' dir='ltr'><strong>pro</strong></span> <span class='ocrx_word' id='word_1_253' title='bbox 714 2469 761 2517; x_wconf 85' lang='lat' dir='ltr'><strong>illia</strong></span> <span class='ocrx_word' id='word_1_254' title='bbox 771 2470 911 2518; x_wconf 89' lang='lat' dir='ltr'><strong>occumbere</strong></span> <span class='ocrx_word' id='word_1_255' title='bbox 923 2477 1004 2533; x_wconf 88' lang='lat' dir='ltr'><strong>parete</strong></span> <span class='ocrx_word' id='word_1_256' title='bbox 1014 2474 1081 2525; x_wconf 88' lang='lat' dir='ltr'><strong>eunt,</strong></span> <span class='ocrx_word' id='word_1_257' title='bbox 1092 2482 1120 2517; x_wconf 90' lang='lat' dir='ltr'><strong>ec</strong></span> <span class='ocrx_word' id='word_1_258' title='bbox 1129 2468 1191 2515; x_wconf 82' lang='lat' dir='ltr'><strong>ierne</strong></span> <span class='ocrx_word' id='word_1_259' title='bbox 1202 2467 1263 2516; x_wconf 86' lang='lat' dir='ltr'><strong>deii·</strong></span> 
     </span>
     <span class='ocr_line' id='line_1_25' title="bbox 162 2550 1262 2616; baseline 0.003 -19"><span class='ocrx_word' id='word_1_260' title='bbox 162 2551 308 2613; x_wconf 86' lang='lat' dir='ltr'><strong>cere,nrodo</strong></span> <span class='ocrx_word' id='word_1_261' title='bbox 325 2551 385 2600; x_wconf 82' lang='lat' dir='ltr'><strong>iiiior</strong></span> <span class='ocrx_word' id='word_1_262' title='bbox 405 2551 518 2608; x_wconf 88' lang='lat' dir='ltr'><strong>nutrient,</strong></span> <span class='ocrx_word' id='word_1_263' title='bbox 537 2558 562 2599; x_wconf 86' lang='lat' dir='ltr'><strong>et</strong></span> <span class='ocrx_word' id='word_1_264' title='bbox 579 2551 643 2600; x_wconf 88' lang='lat' dir='ltr'><strong>aliod</strong></span> <span class='ocrx_word' id='word_1_265' title='bbox 663 2553 787 2615; x_wconf 86' lang='lat' dir='ltr'><strong>quodlibet</strong></span> <span class='ocrx_word' id='word_1_266' title='bbox 804 2553 917 2601; x_wconf 86' lang='lat' dir='ltr'><strong>eudecter</strong></span> <span class='ocrx_word' id='word_1_267' title='bbox 936 2553 1111 2616; x_wconf 75' lang='lat' dir='ltr'><strong>eggrediuntur.</strong></span> <span class='ocrx_word' id='word_1_268' title='bbox 1146 2550 1262 2600; x_wconf 87' lang='lat' dir='ltr'><strong>Heroiuce</strong></span> 
     </span>
     <span class='ocr_line' id='line_1_26' title="bbox 162 2630 1262 2695; baseline 0.003 -18"><span class='ocrx_word' id='word_1_269' title='bbox 162 2631 258 2693; x_wconf 89' lang='lat' dir='ltr'><strong>quidem</strong></span> <span class='ocrx_word' id='word_1_270' title='bbox 270 2630 329 2678; x_wconf 77' lang='lat' dir='ltr'><strong>forte</strong></span> <span class='ocrx_word' id='word_1_271' title='bbox 342 2639 433 2694; x_wconf 85' lang='lat' dir='ltr'><strong>poteret</strong></span> <span class='ocrx_word' id='word_1_272' title='bbox 443 2632 559 2695; x_wconf 87' lang='lat' dir='ltr'><strong>qniepirun</strong></span> <span class='ocrx_word' id='word_1_273' title='bbox 572 2631 667 2679; x_wconf 88' lang='lat' dir='ltr'><strong>retionir</strong></span> <span class='ocrx_word' id='word_1_274' title='bbox 684 2631 790 2681; x_wconf 72' lang='lat' dir='ltr'><strong>discurro</strong></span> <span class='ocrx_word' id='word_1_275' title='bbox 807 2633 858 2682; x_wconf 86' lang='lat' dir='ltr'><strong>brec</strong></span> <span class='ocrx_word' id='word_1_276' title='bbox 869 2648 955 2695; x_wconf 78' lang='lat' dir='ltr'><strong>agere:</strong></span> <span class='ocrx_word' id='word_1_277' title='bbox 975 2632 1047 2680; x_wconf 73' lang='lat' dir='ltr'><strong>brutis</strong></span> <span class='ocrx_word' id='word_1_278' title='bbox 1057 2639 1135 2680; x_wconf 89' lang='lat' dir='ltr'><strong>eutem</strong></span> <span class='ocrx_word' id='word_1_279' title='bbox 1153 2645 1262 2694; x_wconf 74' lang='lat' dir='ltr'><strong>quenem</strong></span> 
     </span>
     <span class='ocr_line' id='line_1_27' title="bbox 162 2709 1261 2777; baseline 0.001 -21"><span class='ocrx_word' id='word_1_280' title='bbox 162 2710 249 2757; x_wconf 83' lang='lat' dir='ltr'><strong>nmorie</strong></span> <span class='ocrx_word' id='word_1_281' title='bbox 260 2717 306 2758; x_wconf 88' lang='lat' dir='ltr'><strong>tarn</strong></span> <span class='ocrx_word' id='word_1_282' title='bbox 318 2709 420 2760; x_wconf 76' lang='lat' dir='ltr'><strong>ardentis</strong></span> <span class='ocrx_word' id='word_1_283' title='bbox 429 2725 500 2759; x_wconf 68' lang='lat' dir='ltr'><strong>ceum</strong></span> <span class='ocrx_word' id='word_1_284' title='bbox 511 2712 564 2760; x_wconf 81' lang='lat' dir='ltr'><strong>ert?</strong></span> <span class='ocrx_word' id='word_1_285' title='bbox 582 2711 700 2776; x_wconf 70' lang='lat' dir='ltr'><strong>resignare</strong></span> <span class='ocrx_word' id='word_1_286' title='bbox 717 2714 778 2762; x_wconf 88' lang='lat' dir='ltr'><strong>hene</strong></span> <span class='ocrx_word' id='word_1_287' title='bbox 795 2713 882 2777; x_wconf 83' lang='lat' dir='ltr'><strong>polee?</strong></span> <span class='ocrx_word' id='word_1_288' title='bbox 916 2713 958 2762; x_wconf 86' lang='lat' dir='ltr'><strong>So.</strong></span> <span class='ocrx_word' id='word_1_289' title='bbox 976 2710 1086 2760; x_wconf 84' lang='lat' dir='ltr'><strong>Minime.</strong></span> <span class='ocrx_word' id='word_1_290' title='bbox 1121 2710 1185 2759; x_wconf 88' lang='lat' dir='ltr'><strong>Dro.</strong></span> <span class='ocrx_word' id='word_1_291' title='bbox 1203 2709 1261 2760; x_wconf 87' lang='lat' dir='ltr'><strong>Cre·</strong></span> 
     </span>
     <span class='ocr_line' id='line_1_28' title="bbox 161 2789 1260 2857; baseline 0 -19"><span class='ocrx_word' id='word_1_292' title='bbox 161 2789 232 2838; x_wconf 74' lang='lat' dir='ltr'><strong>disne</strong></span> <span class='ocrx_word' id='word_1_293' title='bbox 244 2805 346 2854; x_wconf 87' lang='lat' dir='ltr'><strong>unquem</strong></span> <span class='ocrx_word' id='word_1_294' title='bbox 358 2791 381 2838; x_wconf 91' lang='lat' dir='ltr'><strong>in</strong></span> <span class='ocrx_word' id='word_1_295' title='bbox 393 2791 511 2840; x_wconf 83' lang='lat' dir='ltr'><strong>emeteriie</strong></span> <span class='ocrx_word' id='word_1_296' title='bbox 522 2792 610 2856; x_wconf 81' lang='lat' dir='ltr'><strong>peritur</strong></span> <span class='ocrx_word' id='word_1_297' title='bbox 620 2793 678 2850; x_wconf 84' lang='lat' dir='ltr'><strong>iore,</strong></span> <span class='ocrx_word' id='word_1_298' title='bbox 695 2795 751 2842; x_wconf 87' lang='lat' dir='ltr'><strong>dum</strong></span> <span class='ocrx_word' id='word_1_299' title='bbox 763 2795 814 2842; x_wconf 78' lang='lat' dir='ltr'><strong>hnc</strong></span> <span class='ocrx_word' id='word_1_300' title='bbox 831 2793 944 2857; x_wconf 74' lang='lat' dir='ltr'><strong>ignorari</strong></span> <span class='ocrx_word' id='word_1_301' title='bbox 978 2792 1019 2842; x_wconf 87' lang='lat' dir='ltr'><strong>So.</strong></span> <span class='ocrx_word' id='word_1_302' title='bbox 1037 2789 1077 2840; x_wconf 90' lang='lat' dir='ltr'><strong>Ob</strong></span> <span class='ocrx_word' id='word_1_303' title='bbox 1095 2791 1155 2838; x_wconf 86' lang='lat' dir='ltr'><strong>benc</strong></span> <span class='ocrx_word' id='word_1_304' title='bbox 1166 2805 1260 2840; x_wconf 77' lang='lat' dir='ltr'><strong>cenum</strong></span> 
     </span>
     <span class='ocr_line' id='line_1_29' title="bbox 161 2870 1261 2937; baseline -0.001 -19"><span class='ocrx_word' id='word_1_305' title='bbox 161 2871 193 2918; x_wconf 92' lang='lat' dir='ltr'><strong>ed</strong></span> <span class='ocrx_word' id='word_1_306' title='bbox 206 2879 239 2929; x_wconf 84' lang='lat' dir='ltr'><strong>te,</strong></span> <span class='ocrx_word' id='word_1_307' title='bbox 249 2887 264 2920; x_wconf 92' lang='lat' dir='ltr'><strong>o</strong></span> <span class='ocrx_word' id='word_1_308' title='bbox 275 2870 391 2931; x_wconf 88' lang='lat' dir='ltr'><strong>Diotirne,</strong></span> <span class='ocrx_word' id='word_1_309' title='bbox 402 2879 429 2920; x_wconf 91' lang='lat' dir='ltr'><strong>ut</strong></span> <span class='ocrx_word' id='word_1_310' title='bbox 446 2887 515 2936; x_wconf 86' lang='lat' dir='ltr'><strong>aupre</strong></span> <span class='ocrx_word' id='word_1_311' title='bbox 530 2872 588 2934; x_wconf 82' lang='lat' dir='ltr'><strong>dixi,</strong></span> <span class='ocrx_word' id='word_1_312' title='bbox 598 2873 719 2937; x_wconf 76' lang='lat' dir='ltr'><strong>coniugio,</strong></span> <span class='ocrx_word' id='word_1_313' title='bbox 729 2873 785 2936; x_wconf 86' lang='lat' dir='ltr'><strong>quie</strong></span> <span class='ocrx_word' id='word_1_314' title='bbox 804 2879 948 2937; x_wconf 78' lang='lat' dir='ltr'><strong>preceptore</strong></span> <span class='ocrx_word' id='word_1_315' title='bbox 965 2887 1001 2920; x_wconf 89' lang='lat' dir='ltr'><strong>me</strong></span> <span class='ocrx_word' id='word_1_316' title='bbox 1017 2870 1123 2934; x_wconf 69' lang='lat' dir='ltr'><strong>indigere</strong></span> <span class='ocrx_word' id='word_1_317' title='bbox 1133 2885 1261 2934; x_wconf 71' lang='lat' dir='ltr'><strong>cognosco.</strong></span> 
     </span>
     <span class='ocr_line' id='line_1_30' title="bbox 161 2949 1261 3018; baseline 0.002 -20"><span class='ocrx_word' id='word_1_318' title='bbox 161 2951 244 3000; x_wconf 88' lang='lat' dir='ltr'><strong>horum</strong></span> <span class='ocrx_word' id='word_1_319' title='bbox 256 2953 344 3018; x_wconf 83' lang='lat' dir='ltr'><strong>itaque,</strong></span> <span class='ocrx_word' id='word_1_320' title='bbox 355 2969 445 3017; x_wconf 84' lang='lat' dir='ltr'><strong>precor,</strong></span> <span class='ocrx_word' id='word_1_321' title='bbox 457 2963 482 3002; x_wconf 91' lang='lat' dir='ltr'><strong>et</strong></span> <span class='ocrx_word' id='word_1_322' title='bbox 492 2953 600 3017; x_wconf 87' lang='lat' dir='ltr'><strong>eliorum,</strong></span> <span class='ocrx_word' id='word_1_323' title='bbox 611 2969 759 3018; x_wconf 83' lang='lat' dir='ltr'><strong>quecunque</strong></span> <span class='ocrx_word' id='word_1_324' title='bbox 775 2955 804 3002; x_wconf 89' lang='lat' dir='ltr'><strong>ed</strong></span> <span class='ocrx_word' id='word_1_325' title='bbox 825 2968 925 3004; x_wconf 87' lang='lat' dir='ltr'><strong>emorern</strong></span> <span class='ocrx_word' id='word_1_326' title='bbox 942 2953 1053 3014; x_wconf 87' lang='lat' dir='ltr'><strong>ettinont,</strong></span> <span class='ocrx_word' id='word_1_327' title='bbox 1063 2966 1156 3000; x_wconf 74' lang='lat' dir='ltr'><strong>crucem</strong></span> <span class='ocrx_word' id='word_1_328' title='bbox 1168 2949 1261 3000; x_wconf 80' lang='lat' dir='ltr'><strong>efferae.</strong></span> 
     </span>
     <span class='ocr_line' id='line_1_31' title="bbox 162 3031 1260 3097; baseline -0.002 -17"><span class='ocrx_word' id='word_1_329' title='bbox 162 3031 226 3081; x_wconf 90' lang='lat' dir='ltr'><strong>Dro.</strong></span> <span class='ocrx_word' id='word_1_330' title='bbox 243 3033 267 3080; x_wconf 78' lang='lat' dir='ltr'><strong>Si</strong></span> <span class='ocrx_word' id='word_1_331' title='bbox 278 3033 362 3090; x_wconf 83' lang='lat' dir='ltr'><strong>credie,</strong></span> <span class='ocrx_word' id='word_1_332' title='bbox 372 3033 438 3082; x_wconf 87' lang='lat' dir='ltr'><strong>illiue</strong></span> <span class='ocrx_word' id='word_1_333' title='bbox 448 3041 531 3082; x_wconf 86' lang='lat' dir='ltr'><strong>neture</strong></span> <span class='ocrx_word' id='word_1_334' title='bbox 541 3048 643 3084; x_wconf 77' lang='lat' dir='ltr'><strong>emerere</strong></span> <span class='ocrx_word' id='word_1_335' title='bbox 660 3049 721 3096; x_wconf 76' lang='lat' dir='ltr'><strong>eene,</strong></span> <span class='ocrx_word' id='word_1_336' title='bbox 731 3033 800 3097; x_wconf 74' lang='lat' dir='ltr'><strong>cujus</strong></span> <span class='ocrx_word' id='word_1_337' title='bbox 815 3048 878 3097; x_wconf 78' lang='lat' dir='ltr'><strong>repe</strong></span> <span class='ocrx_word' id='word_1_338' title='bbox 894 3033 945 3097; x_wconf 80' lang='lat' dir='ltr'><strong>jem</strong></span> <span class='ocrx_word' id='word_1_339' title='bbox 955 3034 1064 3090; x_wconf 70' lang='lat' dir='ltr'><strong>uiximus.</strong></span> <span class='ocrx_word' id='word_1_340' title='bbox 1076 3048 1106 3083; x_wconf 88' lang='lat' dir='ltr'><strong>ne</strong></span> <span class='ocrx_word' id='word_1_341' title='bbox 1118 3031 1214 3082; x_wconf 86' lang='lat' dir='ltr'><strong>mireria.</strong></span> <span class='ocrx_word' id='word_1_342' title='bbox 1230 3045 1260 3079; x_wconf 87' lang='lat' dir='ltr'><strong>err</strong></span> 
     </span>
     <span class='ocr_line' id='line_1_32' title="bbox 161 3111 1260 3176; baseline 0.001 -18"><span class='ocrx_word' id='word_1_343' title='bbox 161 3112 207 3160; x_wconf 86' lang='lat' dir='ltr'><strong>hoc</strong></span> <span class='ocrx_word' id='word_1_344' title='bbox 218 3111 279 3159; x_wconf 89' lang='lat' dir='ltr'><strong>enirn</strong></span> <span class='ocrx_word' id='word_1_345' title='bbox 291 3111 405 3167; x_wconf 81' lang='lat' dir='ltr'><strong>rimiliter,</strong></span> <span class='ocrx_word' id='word_1_346' title='bbox 416 3120 482 3160; x_wconf 85' lang='lat' dir='ltr'><strong>uter</strong></span> <span class='ocrx_word' id='word_1_347' title='bbox 494 3113 659 3176; x_wconf 74' lang='lat' dir='ltr'><strong>superioribue,</strong></span> <span class='ocrx_word' id='word_1_348' title='bbox 670 3123 753 3162; x_wconf 87' lang='lat' dir='ltr'><strong>neture</strong></span> <span class='ocrx_word' id='word_1_349' title='bbox 763 3113 867 3162; x_wconf 82' lang='lat' dir='ltr'><strong>mortelie</strong></span> <span class='ocrx_word' id='word_1_350' title='bbox 879 3129 970 3176; x_wconf 83' lang='lat' dir='ltr'><strong>temper</strong></span> <span class='ocrx_word' id='word_1_351' title='bbox 979 3121 1003 3162; x_wconf 87' lang='lat' dir='ltr'><strong>et</strong></span> <span class='ocrx_word' id='word_1_352' title='bbox 1010 3112 1148 3162; x_wconf 75' lang='lat' dir='ltr'><strong>immonelie</strong></span> <span class='ocrx_word' id='word_1_353' title='bbox 1157 3127 1208 3160; x_wconf 85' lang='lat' dir='ltr'><strong>eree</strong></span> <span class='ocrx_word' id='word_1_354' title='bbox 1217 3125 1260 3174; x_wconf 90' lang='lat' dir='ltr'><strong>pro</strong></span> 
     </span>
     <span class='ocr_line' id='line_1_33' title="bbox 161 3189 1260 3255; baseline 0 -18"><span class='ocrx_word' id='word_1_355' title='bbox 161 3190 248 3240; x_wconf 73' lang='lat' dir='ltr'><strong>viribus</strong></span> <span class='ocrx_word' id='word_1_356' title='bbox 258 3192 355 3240; x_wconf 81' lang='lat' dir='ltr'><strong>nititur:</strong></span> <span class='ocrx_word' id='word_1_357' title='bbox 373 3193 418 3240; x_wconf 90' lang='lat' dir='ltr'><strong>hoc</strong></span> <span class='ocrx_word' id='word_1_358' title='bbox 430 3199 508 3240; x_wconf 88' lang='lat' dir='ltr'><strong>autern</strong></span> <span class='ocrx_word' id='word_1_359' title='bbox 519 3193 669 3255; x_wconf 75' lang='lat' dir='ltr'><strong>generatione</strong></span> <span class='ocrx_word' id='word_1_360' title='bbox 680 3194 796 3242; x_wconf 82' lang='lat' dir='ltr'><strong>duntexet</strong></span> <span class='ocrx_word' id='word_1_361' title='bbox 810 3191 949 3255; x_wconf 76' lang='lat' dir='ltr'><strong>eereqnhur,</strong></span> <span class='ocrx_word' id='word_1_362' title='bbox 961 3192 1071 3254; x_wconf 78' lang='lat' dir='ltr'><strong>quonium</strong></span> <span class='ocrx_word' id='word_1_363' title='bbox 1089 3205 1181 3254; x_wconf 77' lang='lat' dir='ltr'><strong>semper</strong></span> <span class='ocrx_word' id='word_1_364' title='bbox 1199 3189 1260 3237; x_wconf 88' lang='lat' dir='ltr'><strong>elte-</strong></span> 
     </span>
     <span class='ocr_line' id='line_1_34' title="bbox 160 3268 1256 3335; baseline -0.001 -17"><span class='ocrx_word' id='word_1_365' title='bbox 160 3285 210 3318; x_wconf 91' lang='lat' dir='ltr'><strong>rom</strong></span> <span class='ocrx_word' id='word_1_366' title='bbox 218 3271 331 3335; x_wconf 81' lang='lat' dir='ltr'><strong>juvenem</strong></span> <span class='ocrx_word' id='word_1_367' title='bbox 342 3272 426 3320; x_wconf 81' lang='lat' dir='ltr'><strong>reterie</strong></span> <span class='ocrx_word' id='word_1_368' title='bbox 437 3273 490 3320; x_wconf 88' lang='lat' dir='ltr'><strong>loeo</strong></span> <span class='ocrx_word' id='word_1_369' title='bbox 501 3273 631 3324; x_wconf 86' lang='lat' dir='ltr'><strong>aubetituit.</strong></span> <span class='ocrx_word' id='word_1_370' title='bbox 646 3275 764 3322; x_wconf 84' lang='lat' dir='ltr'><strong>enimvero</strong></span> <span class='ocrx_word' id='word_1_371' title='bbox 775 3289 805 3322; x_wconf 91' lang='lat' dir='ltr'><strong>eo</strong></span> <span class='ocrx_word' id='word_1_372' title='bbox 816 3272 869 3334; x_wconf 84' lang='lat' dir='ltr'><strong>ipro</strong></span> <span class='ocrx_word' id='word_1_373' title='bbox 886 3272 910 3318; x_wconf 92' lang='lat' dir='ltr'><strong>in</strong></span> <span class='ocrx_word' id='word_1_374' title='bbox 928 3279 1043 3334; x_wconf 89' lang='lat' dir='ltr'><strong>ternpore,</strong></span> <span class='ocrx_word' id='word_1_375' title='bbox 1052 3287 1101 3335; x_wconf 92' lang='lat' dir='ltr'><strong>quo</strong></span> <span class='ocrx_word' id='word_1_376' title='bbox 1119 3268 1256 3318; x_wconf 88' lang='lat' dir='ltr'><strong>enimelium</strong></span> 
     </span>
     <span class='ocr_line' id='line_1_35' title="bbox 160 3348 1259 3416; baseline -0.001 -18"><span class='ocrx_word' id='word_1_377' title='bbox 160 3351 344 3414; x_wconf 82' lang='lat' dir='ltr'><strong>unumquodque</strong></span> <span class='ocrx_word' id='word_1_378' title='bbox 355 3352 432 3400; x_wconf 80' lang='lat' dir='ltr'><strong>virere</strong></span> <span class='ocrx_word' id='word_1_379' title='bbox 443 3351 538 3408; x_wconf 89' lang='lat' dir='ltr'><strong>dicitur,</strong></span> <span class='ocrx_word' id='word_1_380' title='bbox 549 3353 659 3416; x_wconf 89' lang='lat' dir='ltr'><strong>idemque</strong></span> <span class='ocrx_word' id='word_1_381' title='bbox 669 3369 728 3408; x_wconf 80' lang='lat' dir='ltr'><strong>ease,</strong></span> <span class='ocrx_word' id='word_1_382' title='bbox 739 3353 780 3416; x_wconf 93' lang='lat' dir='ltr'><strong>(ut</strong></span> <span class='ocrx_word' id='word_1_383' title='bbox 791 3367 804 3398; x_wconf 93' lang='lat' dir='ltr'><strong>e</strong></span> <span class='ocrx_word' id='word_1_384' title='bbox 815 3349 915 3415; x_wconf 88' lang='lat' dir='ltr'><strong>pueritie</strong></span> <span class='ocrx_word' id='word_1_385' title='bbox 928 3350 957 3396; x_wconf 87' lang='lat' dir='ltr'><strong>ed</strong></span> <span class='ocrx_word' id='word_1_386' title='bbox 974 3349 1132 3411; x_wconf 84' lang='lat' dir='ltr'><strong>renectutem)</strong></span> <span class='ocrx_word' id='word_1_387' title='bbox 1149 3348 1259 3412; x_wconf 76' lang='lat' dir='ltr'><strong>querneie</strong></span> 
     </span>
     <span class='ocr_line' id='line_1_36' title="bbox 158 3427 1258 3495; baseline -0.003 -16"><span class='ocrx_word' id='word_1_388' title='bbox 158 3430 223 3479; x_wconf 82' lang='lat' dir='ltr'><strong>idem</strong></span> <span class='ocrx_word' id='word_1_389' title='bbox 235 3428 336 3488; x_wconf 84' lang='lat' dir='ltr'><strong>dicetur,</strong></span> <span class='ocrx_word' id='word_1_390' title='bbox 344 3446 463 3495; x_wconf 77' lang='lat' dir='ltr'><strong>nunquam</strong></span> <span class='ocrx_word' id='word_1_391' title='bbox 473 3439 550 3478; x_wconf 78' lang='lat' dir='ltr'><strong>temen</strong></span> <span class='ocrx_word' id='word_1_392' title='bbox 561 3431 585 3477; x_wconf 88' lang='lat' dir='ltr'><strong>in</strong></span> <span class='ocrx_word' id='word_1_393' title='bbox 597 3445 622 3478; x_wconf 87' lang='lat' dir='ltr'><strong>ee</strong></span> <span class='ocrx_word' id='word_1_394' title='bbox 633 3430 685 3494; x_wconf 82' lang='lat' dir='ltr'><strong>ipro</strong></span> <span class='ocrx_word' id='word_1_395' title='bbox 696 3431 779 3479; x_wconf 85' lang='lat' dir='ltr'><strong>eedem</strong></span> <span class='ocrx_word' id='word_1_396' title='bbox 788 3429 906 3490; x_wconf 88' lang='lat' dir='ltr'><strong>continet,</strong></span> <span class='ocrx_word' id='word_1_397' title='bbox 917 3429 959 3478; x_wconf 89' lang='lat' dir='ltr'><strong>aed</strong></span> <span class='ocrx_word' id='word_1_398' title='bbox 976 3443 1061 3477; x_wconf 84' lang='lat' dir='ltr'><strong>novum</strong></span> <span class='ocrx_word' id='word_1_399' title='bbox 1079 3442 1172 3491; x_wconf 74' lang='lat' dir='ltr'><strong>semper</strong></span> <span class='ocrx_word' id='word_1_400' title='bbox 1183 3427 1258 3476; x_wconf 81' lang='lat' dir='ltr'><strong>effici·</strong></span> 
     </span>
     <span class='ocr_line' id='line_1_37' title="bbox 160 3506 1256 3574; baseline 0 -18"><span class='ocrx_word' id='word_1_401' title='bbox 160 3516 198 3557; x_wconf 87' lang='lat' dir='ltr'><strong>tur</strong></span> <span class='ocrx_word' id='word_1_402' title='bbox 207 3515 232 3558; x_wconf 90' lang='lat' dir='ltr'><strong>et</strong></span> <span class='ocrx_word' id='word_1_403' title='bbox 243 3517 322 3558; x_wconf 83' lang='lat' dir='ltr'><strong>vetera</strong></span> <span class='ocrx_word' id='word_1_404' title='bbox 332 3510 404 3568; x_wconf 77' lang='lat' dir='ltr'><strong>exuit,</strong></span> <span class='ocrx_word' id='word_1_405' title='bbox 413 3510 542 3558; x_wconf 87' lang='lat' dir='ltr'><strong>recundurn</strong></span> <span class='ocrx_word' id='word_1_406' title='bbox 550 3509 620 3574; x_wconf 82' lang='lat' dir='ltr'><strong>pileo,</strong></span> <span class='ocrx_word' id='word_1_407' title='bbox 631 3525 733 3568; x_wconf 80' lang='lat' dir='ltr'><strong>eernere,</strong></span> <span class='ocrx_word' id='word_1_408' title='bbox 745 3525 797 3558; x_wconf 81' lang='grc' dir='ltr'>οιιι</span> <span class='ocrx_word' id='word_1_409' title='bbox 805 3525 834 3559; x_wconf 91' lang='lat' dir='ltr'><strong>ec</strong></span> <span class='ocrx_word' id='word_1_410' title='bbox 842 3509 980 3573; x_wconf 75' lang='lat' dir='ltr'><strong>aengninem</strong></span> <span class='ocrx_word' id='word_1_411' title='bbox 988 3515 1013 3556; x_wconf 88' lang='lat' dir='ltr'><strong>et</strong></span> <span class='ocrx_word' id='word_1_412' title='bbox 1019 3506 1150 3556; x_wconf 72' lang='lat' dir='ltr'><strong>universum</strong></span> <span class='ocrx_word' id='word_1_413' title='bbox 1160 3521 1256 3570; x_wconf 85' lang='lat' dir='ltr'><strong>corpur.</strong></span> 
     </span>
     <span class='ocr_line' id='line_1_38' title="bbox 96 3585 1260 3654; baseline -0.002 -16"><span class='ocrx_word' id='word_1_414' title='bbox 96 3585 100 3592; x_wconf 74' lang='grc'><em>’</em></span> <span class='ocrx_word' id='word_1_415' title='bbox 158 3589 246 3654; x_wconf 86' lang='lat' dir='ltr'><strong>Neque</strong></span> <span class='ocrx_word' id='word_1_416' title='bbox 256 3591 280 3639; x_wconf 91' lang='lat' dir='ltr'><strong>in</strong></span> <span class='ocrx_word' id='word_1_417' title='bbox 291 3594 389 3654; x_wconf 83' lang='lat' dir='ltr'><strong>eo&#39;rpore</strong></span> <span class='ocrx_word' id='word_1_418' title='bbox 398 3589 483 3647; x_wconf 84' lang='lat' dir='ltr'><strong>eoiruu,</strong></span> <span class='ocrx_word' id='word_1_419' title='bbox 494 3605 573 3638; x_wconf 83' lang='lat' dir='ltr'><strong>rerum</strong></span> <span class='ocrx_word' id='word_1_420' title='bbox 584 3589 646 3638; x_wconf 86' lang='lat' dir='ltr'><strong>enirn</strong></span> <span class='ocrx_word' id='word_1_421' title='bbox 658 3591 682 3638; x_wconf 92' lang='lat' dir='ltr'><strong>in</strong></span> <span class='ocrx_word' id='word_1_422' title='bbox 694 3591 773 3639; x_wconf 87' lang='lat' dir='ltr'><strong>euirne</strong></span> <span class='ocrx_word' id='word_1_423' title='bbox 785 3591 809 3639; x_wconf 93' lang='lat' dir='ltr'><strong>id</strong></span> <span class='ocrx_word' id='word_1_424' title='bbox 826 3589 952 3654; x_wconf 71' lang='lat' dir='ltr'><strong>contingit.</strong></span> <span class='ocrx_word' id='word_1_425' title='bbox 969 3603 1053 3645; x_wconf 74' lang='lat' dir='ltr'><strong>oroma,</strong></span> <span class='ocrx_word' id='word_1_426' title='bbox 1064 3587 1260 3648; x_wconf 66' lang='lat' dir='ltr'><strong>consuetudine,</strong></span> 
     </span>
     <span class='ocr_line' id='line_1_39' title="bbox 157 3669 1259 3736; baseline -0.002 -18"><span class='ocrx_word' id='word_1_427' title='bbox 157 3671 432 3735; x_wconf 81' lang='lat' dir='ltr'><strong>opiniunee,cupidinee,</strong></span> <span class='ocrx_word' id='word_1_428' title='bbox 441 3670 682 3736; x_wconf 75' lang='lat' dir='ltr'><strong>voluptatea,doloree</strong></span> <span class='ocrx_word' id='word_1_429' title='bbox 690 3679 762 3734; x_wconf 89' lang='lat' dir='ltr'><strong>etque</strong></span> <span class='ocrx_word' id='word_1_430' title='bbox 770 3671 863 3718; x_wconf 87' lang='lat' dir='ltr'><strong>tirnorer</strong></span> <span class='ocrx_word' id='word_1_431' title='bbox 871 3669 983 3718; x_wconf 88' lang='lat' dir='ltr'><strong>continue</strong></span> <span class='ocrx_word' id='word_1_432' title='bbox 991 3675 1151 3732; x_wconf 82' lang='lat' dir='ltr'><strong>permutentur</strong></span> <span class='ocrx_word' id='word_1_433' title='bbox 1162 3687 1168 3715; x_wconf 76' lang='lat' dir='ltr'><strong>r</strong></span> <span class='ocrx_word' id='word_1_434' title='bbox 1180 3681 1259 3731; x_wconf 84' lang='lat' dir='ltr'><strong>neque</strong></span> 
     </span>
     <span class='ocr_line' id='line_1_40' title="bbox 159 3747 1258 3816; baseline -0.002 -19"><span class='ocrx_word' id='word_1_435' title='bbox 159 3752 285 3815; x_wconf 78' lang='lat' dir='ltr'><strong>quicquum</strong></span> <span class='ocrx_word' id='word_1_436' title='bbox 296 3769 324 3801; x_wconf 84' lang='lat' dir='ltr'><strong>ex</strong></span> <span class='ocrx_word' id='word_1_437' title='bbox 334 3753 385 3802; x_wconf 77' lang='lat' dir='ltr'><strong>istie</strong></span> <span class='ocrx_word' id='word_1_438' title='bbox 397 3753 459 3802; x_wconf 86' lang='lat' dir='ltr'><strong>idem</strong></span> <span class='ocrx_word' id='word_1_439' title='bbox 471 3763 495 3801; x_wconf 88' lang='lat' dir='ltr'><strong>et</strong></span> <span class='ocrx_word' id='word_1_440' title='bbox 506 3747 580 3800; x_wconf 85' lang='lat' dir='ltr'><strong>eimile</strong></span> <span class='ocrx_word' id='word_1_441' title='bbox 591 3759 730 3816; x_wconf 71' lang='lat' dir='ltr'><strong>perseveret,</strong></span> <span class='ocrx_word' id='word_1_442' title='bbox 741 3752 781 3799; x_wconf 83' lang='lat' dir='ltr'><strong>aed</strong></span> <span class='ocrx_word' id='word_1_443' title='bbox 795 3751 870 3813; x_wconf 88' lang='lat' dir='ltr'><strong>priore</strong></span> <span class='ocrx_word' id='word_1_444' title='bbox 880 3750 977 3815; x_wconf 85' lang='lat' dir='ltr'><strong>quidem</strong></span> <span class='ocrx_word' id='word_1_445' title='bbox 988 3749 1120 3805; x_wconf 71' lang='lat' dir='ltr'><strong>ebolentun</strong></span> <span class='ocrx_word' id='word_1_446' title='bbox 1131 3762 1192 3796; x_wconf 88' lang='lat' dir='ltr'><strong>nore</strong></span> <span class='ocrx_word' id='word_1_447' title='bbox 1203 3763 1258 3796; x_wconf 84' lang='lat' dir='ltr'><strong>veru</strong></span> 
     </span>
     <span class='ocr_line' id='line_1_41' title="bbox 158 3829 1258 3897; baseline -0.003 -19"><span class='ocrx_word' id='word_1_448' title='bbox 158 3833 297 3882; x_wconf 87' lang='lat' dir='ltr'><strong>errccednut.</strong></span> <span class='ocrx_word' id='word_1_449' title='bbox 322 3833 388 3892; x_wconf 84' lang='lat' dir='ltr'><strong>Quin</strong></span> <span class='ocrx_word' id='word_1_450' title='bbox 397 3834 550 3897; x_wconf 88' lang='lat' dir='ltr'><strong>etiem,quod</strong></span> <span class='ocrx_word' id='word_1_451' title='bbox 558 3833 683 3882; x_wconf 85' lang='lat' dir='ltr'><strong>mirebiliua</strong></span> <span class='ocrx_word' id='word_1_452' title='bbox 690 3841 735 3888; x_wconf 89' lang='lat' dir='ltr'><strong>eet,</strong></span> <span class='ocrx_word' id='word_1_453' title='bbox 743 3833 847 3881; x_wconf 69' lang='lat' dir='ltr'><strong>scientie</strong></span> <span class='ocrx_word' id='word_1_454' title='bbox 856 3847 950 3896; x_wconf 89' lang='lat' dir='ltr'><strong>quoque</strong></span> <span class='ocrx_word' id='word_1_455' title='bbox 958 3845 1006 3878; x_wconf 91' lang='lat' dir='ltr'><strong>non</strong></span> <span class='ocrx_word' id='word_1_456' title='bbox 1015 3829 1090 3878; x_wconf 85' lang='lat' dir='ltr'><strong>eolurn</strong></span> <span class='ocrx_word' id='word_1_457' title='bbox 1097 3829 1149 3876; x_wconf 73' lang='lat' dir='ltr'><strong>elie</strong></span> <span class='ocrx_word' id='word_1_458' title='bbox 1159 3842 1258 3877; x_wconf 82' lang='lat' dir='ltr'><strong>evener-</strong></span> 
     </span>
     <span class='ocr_line' id='line_1_42' title="bbox 158 3911 1256 3978; baseline -0.006 -15"><span class='ocrx_word' id='word_1_459' title='bbox 158 3923 226 3970; x_wconf 88' lang='lat' dir='ltr'><strong>eunt,</strong></span> <span class='ocrx_word' id='word_1_460' title='bbox 243 3912 317 3978; x_wconf 70' lang='lat'><strong>[2⁰8]</strong></span> <span class='ocrx_word' id='word_1_461' title='bbox 334 3915 386 3963; x_wconf 80' lang='lat' dir='ltr'><strong>elie</strong></span> <span class='ocrx_word' id='word_1_462' title='bbox 397 3921 511 3978; x_wconf 78' lang='lat' dir='ltr'><strong>eurpont:</strong></span> <span class='ocrx_word' id='word_1_463' title='bbox 529 3929 607 3978; x_wconf 86' lang='lat' dir='ltr'><strong>neque</strong></span> <span class='ocrx_word' id='word_1_464' title='bbox 619 3929 709 3978; x_wconf 87' lang='lat' dir='ltr'><strong>eemper</strong></span> <span class='ocrx_word' id='word_1_465' title='bbox 719 3914 849 3962; x_wconf 88' lang='lat' dir='ltr'><strong>eecundum</strong></span> <span class='ocrx_word' id='word_1_466' title='bbox 859 3913 968 3962; x_wconf 86' lang='lat' dir='ltr'><strong>ecientiee</strong></span> <span class='ocrx_word' id='word_1_467' title='bbox 976 3911 1049 3960; x_wconf 90' lang='lat' dir='ltr'><strong>iidem</strong></span> <span class='ocrx_word' id='word_1_468' title='bbox 1061 3925 1156 3958; x_wconf 82' lang='lat' dir='ltr'><strong>eumue:</strong></span> <span class='ocrx_word' id='word_1_469' title='bbox 1177 3924 1256 3956; x_wconf 87' lang='lat' dir='ltr'><strong>rerurn</strong></span> 
     </span>
     <span class='ocr_line' id='line_1_43' title="bbox 157 3989 1258 4059; baseline -0.004 -20"><span class='ocrx_word' id='word_1_470' title='bbox 157 3991 229 4040; x_wconf 78' lang='lat' dir='ltr'><strong>etiem</strong></span> <span class='ocrx_word' id='word_1_471' title='bbox 240 3994 377 4056; x_wconf 81' lang='lat' dir='ltr'><strong>unnqurerie</strong></span> <span class='ocrx_word' id='word_1_472' title='bbox 389 3995 539 4043; x_wconf 87' lang='lat' dir='ltr'><strong>ecicntierunr</strong></span> <span class='ocrx_word' id='word_1_473' title='bbox 550 3995 611 4043; x_wconf 88' lang='lat' dir='ltr'><strong>idern</strong></span> <span class='ocrx_word' id='word_1_474' title='bbox 622 3997 717 4059; x_wconf 90' lang='lat' dir='ltr'><strong>petitur.</strong></span> <span class='ocrx_word' id='word_1_475' title='bbox 751 3995 823 4052; x_wconf 85' lang='lat' dir='ltr'><strong>Quod</strong></span> <span class='ocrx_word' id='word_1_476' title='bbox 834 3994 897 4043; x_wconf 85' lang='lat' dir='ltr'><strong>eninr</strong></span> <span class='ocrx_word' id='word_1_477' title='bbox 909 3993 995 4042; x_wconf 88' lang='lat' dir='ltr'><strong>dicitur</strong></span> <span class='ocrx_word' id='word_1_478' title='bbox 1006 3989 1127 4044; x_wconf 69' lang='lat' dir='ltr'><strong>Mileti,</strong></span> <span class='ocrx_word' id='word_1_479' title='bbox 1137 3989 1205 4052; x_wconf 80' lang='lat' dir='ltr'><strong>queri</strong></span> <span class='ocrx_word' id='word_1_480' title='bbox 1216 4005 1258 4036; x_wconf 83' lang='lat' dir='ltr'><strong>ex·</strong></span> 
     </span>
     <span class='ocr_line' id='line_1_44' title="bbox 156 4069 1257 4140; baseline -0.004 -22"><span class='ocrx_word' id='word_1_481' title='bbox 156 4069 210 4118; x_wconf 85' lang='lat' dir='ltr'><strong>ierit</strong></span> <span class='ocrx_word' id='word_1_482' title='bbox 220 4071 317 4119; x_wconf 72' lang='lat' dir='ltr'><strong>scientie</strong></span> <span class='ocrx_word' id='word_1_483' title='bbox 328 4073 422 4125; x_wconf 88' lang='lat' dir='ltr'><strong>dieitur.</strong></span> <span class='ocrx_word' id='word_1_484' title='bbox 455 4075 554 4124; x_wconf 78' lang='lat' dir='ltr'><strong>Oblivio</strong></span> <span class='ocrx_word' id='word_1_485' title='bbox 564 4091 665 4140; x_wconf 87' lang='lat' dir='ltr'><strong>nemque</strong></span> <span class='ocrx_word' id='word_1_486' title='bbox 676 4075 781 4124; x_wconf 71' lang='lat' dir='ltr'><strong>scientie</strong></span> <span class='ocrx_word' id='word_1_487' title='bbox 793 4077 870 4123; x_wconf 83' lang='lat' dir='ltr'><strong>eeitue</strong></span> <span class='ocrx_word' id='word_1_488' title='bbox 886 4083 938 4122; x_wconf 78' lang='lat' dir='ltr'><strong>eat:</strong></span> <span class='ocrx_word' id='word_1_489' title='bbox 957 4070 1080 4120; x_wconf 87' lang='lat' dir='ltr'><strong>meditetio</strong></span> <span class='ocrx_word' id='word_1_490' title='bbox 1090 4083 1156 4126; x_wconf 82' lang='lat' dir='ltr'><strong>rero,</strong></span> <span class='ocrx_word' id='word_1_491' title='bbox 1172 4081 1257 4115; x_wconf 85' lang='lat' dir='ltr'><strong>norem</strong></span> 
     </span>
     <span class='ocr_line' id='line_1_45' title="bbox 158 4147 1254 4218; baseline 0.001 -23"><span class='ocrx_word' id='word_1_492' title='bbox 158 4150 293 4197; x_wconf 83' lang='lat' dir='ltr'><strong>nrerourinnr</strong></span> <span class='ocrx_word' id='word_1_493' title='bbox 299 4155 507 4217; x_wconf 84' lang='lat' dir='ltr'><strong>eemperebeontie</strong></span> <span class='ocrx_word' id='word_1_494' title='bbox 518 4156 571 4204; x_wconf 90' lang='lat' dir='ltr'><strong>loeo</strong></span> <span class='ocrx_word' id='word_1_495' title='bbox 579 4157 713 4218; x_wconf 86' lang='lat' dir='ltr'><strong>reetituene,</strong></span> <span class='ocrx_word' id='word_1_496' title='bbox 724 4155 844 4204; x_wconf 83' lang='lat' dir='ltr'><strong>erientiam</strong></span> <span class='ocrx_word' id='word_1_497' title='bbox 855 4161 939 4211; x_wconf 88' lang='lat' dir='ltr'><strong>eerret,</strong></span> <span class='ocrx_word' id='word_1_498' title='bbox 951 4161 1034 4200; x_wconf 83' lang='lat' dir='ltr'><strong>uteeee</strong></span> <span class='ocrx_word' id='word_1_499' title='bbox 1044 4151 1127 4198; x_wconf 84' lang='lat' dir='ltr'><strong>eedem</strong></span> <span class='ocrx_word' id='word_1_500' title='bbox 1139 4147 1254 4196; x_wconf 84' lang='lat' dir='ltr'><strong>rideatur.</strong></span> 
     </span>
     <span class='ocr_line' id='line_1_46' title="bbox 157 4227 1257 4306; baseline -0.003 -29"><span class='ocrx_word' id='word_1_501' title='bbox 157 4229 302 4293; x_wconf 76' lang='lat' dir='ltr'><strong>nocuoque</strong></span> <span class='ocrx_word' id='word_1_502' title='bbox 313 4241 384 4294; x_wconf 92' lang='lat' dir='ltr'><strong>pecto</strong></span> <span class='ocrx_word' id='word_1_503' title='bbox 392 4247 462 4283; x_wconf 82' lang='lat' dir='ltr'><strong>omne</strong></span> <span class='ocrx_word' id='word_1_504' title='bbox 474 4236 689 4296; x_wconf 82' lang='lat' dir='ltr'><strong>morteleeerretur,</strong></span> <span class='ocrx_word' id='word_1_505' title='bbox 699 4251 748 4284; x_wconf 89' lang='lat' dir='ltr'><strong>non</strong></span> <span class='ocrx_word' id='word_1_506' title='bbox 757 4237 814 4300; x_wconf 90' lang='lat' dir='ltr'><strong>qrrle</strong></span> <span class='ocrx_word' id='word_1_507' title='bbox 825 4250 917 4306; x_wconf 77' lang='lat' dir='ltr'><strong>eeprper</strong></span> <span class='ocrx_word' id='word_1_508' title='bbox 927 4232 1023 4282; x_wconf 86' lang='lat' dir='ltr'><strong>omuino</strong></span> <span class='ocrx_word' id='word_1_509' title='bbox 1032 4231 1095 4278; x_wconf 85' lang='lat' dir='ltr'><strong>idem</strong></span> <span class='ocrx_word' id='word_1_510' title='bbox 1107 4229 1146 4287; x_wconf 87' lang='lat' dir='ltr'><strong>ait,</strong></span> <span class='ocrx_word' id='word_1_511' title='bbox 1160 4237 1186 4274; x_wconf 90' lang='lat' dir='ltr'><strong>nt</strong></span> <span class='ocrx_word' id='word_1_512' title='bbox 1196 4227 1257 4276; x_wconf 88' lang='lat' dir='ltr'><strong>diri·</strong></span> 
     </span>
     <span class='ocr_line' id='line_1_47' title="bbox 157 4309 1258 4380; baseline 0 -22"><span class='ocrx_word' id='word_1_513' title='bbox 157 4325 225 4374; x_wconf 87' lang='lat' dir='ltr'><strong>num,</strong></span> <span class='ocrx_word' id='word_1_514' title='bbox 235 4311 275 4359; x_wconf 90' lang='lat' dir='ltr'><strong>aed</strong></span> <span class='ocrx_word' id='word_1_515' title='bbox 285 4310 340 4376; x_wconf 89' lang='lat' dir='ltr'><strong>qnia</strong></span> <span class='ocrx_word' id='word_1_516' title='bbox 348 4314 412 4376; x_wconf 85' lang='lat' dir='ltr'><strong>quod</strong></span> <span class='ocrx_word' id='word_1_517' title='bbox 421 4315 520 4364; x_wconf 76' lang='lat' dir='ltr'><strong>tebescit</strong></span> <span class='ocrx_word' id='word_1_518' title='bbox 528 4321 553 4364; x_wconf 87' lang='lat' dir='ltr'><strong>el</strong></span> <span class='ocrx_word' id='word_1_519' title='bbox 562 4315 622 4380; x_wconf 87' lang='lat' dir='ltr'><strong>ebit,</strong></span> <span class='ocrx_word' id='word_1_520' title='bbox 630 4329 717 4364; x_wconf 82' lang='lat' dir='ltr'><strong>norum</strong></span> <span class='ocrx_word' id='word_1_521' title='bbox 726 4323 750 4364; x_wconf 91' lang='lat' dir='ltr'><strong>et</strong></span> <span class='ocrx_word' id='word_1_522' title='bbox 757 4316 832 4364; x_wconf 85' lang='lat' dir='ltr'><strong>eimile</strong></span> <span class='ocrx_word' id='word_1_523' title='bbox 842 4315 889 4364; x_wconf 85' lang='lat' dir='ltr'><strong>ribi</strong></span> <span class='ocrx_word' id='word_1_524' title='bbox 900 4312 1021 4377; x_wconf 89' lang='lat' dir='ltr'><strong>relinquit.</strong></span> <span class='ocrx_word' id='word_1_525' title='bbox 1053 4309 1107 4358; x_wconf 80' lang='lat' dir='ltr'><strong>lloc</strong></span> <span class='ocrx_word' id='word_1_526' title='bbox 1118 4325 1132 4355; x_wconf 92' lang='lat' dir='ltr'><strong>e</strong></span> <span class='ocrx_word' id='word_1_527' title='bbox 1143 4309 1258 4366; x_wconf 87' lang='lat' dir='ltr'><strong>remedio,</strong></span> 
     </span>
     <span class='ocr_line' id='line_1_48' title="bbox 159 4389 1257 4460; baseline 0.001 -23"><span class='ocrx_word' id='word_1_528' title='bbox 159 4391 277 4448; x_wconf 76' lang='lat' dir='ltr'><strong>Socraten,</strong></span> <span class='ocrx_word' id='word_1_529' title='bbox 285 4393 349 4454; x_wconf 87' lang='lat' dir='ltr'><strong>quud</strong></span> <span class='ocrx_word' id='word_1_530' title='bbox 361 4393 458 4441; x_wconf 83' lang='lat' dir='ltr'><strong>mertele</strong></span> <span class='ocrx_word' id='word_1_531' title='bbox 466 4399 513 4454; x_wconf 84' lang='lat' dir='ltr'><strong>eet,</strong></span> <span class='ocrx_word' id='word_1_532' title='bbox 525 4395 574 4442; x_wconf 78' lang='lat' dir='ltr'><strong>eive</strong></span> <span class='ocrx_word' id='word_1_533' title='bbox 585 4411 670 4460; x_wconf 78' lang='lat' dir='ltr'><strong>eorpus</strong></span> <span class='ocrx_word' id='word_1_534' title='bbox 680 4411 721 4443; x_wconf 85' lang='lat' dir='ltr'><strong>eeu</strong></span> <span class='ocrx_word' id='word_1_535' title='bbox 733 4395 857 4458; x_wconf 88' lang='lat' dir='ltr'><strong>quodlibet</strong></span> <span class='ocrx_word' id='word_1_536' title='bbox 865 4393 938 4450; x_wconf 78' lang='lat' dir='ltr'><strong>eliud,</strong></span> <span class='ocrx_word' id='word_1_537' title='bbox 949 4391 1067 4456; x_wconf 80' lang='lat' dir='ltr'><strong>perticepr</strong></span> <span class='ocrx_word' id='word_1_538' title='bbox 1075 4389 1257 4438; x_wconf 85' lang='lat' dir='ltr'><strong>irnrnertelitetie</strong></span> 
     </span>
     <span class='ocr_line' id='line_1_49' title="bbox 158 4469 1255 4533; baseline -0.002 -14"><span class='ocrx_word' id='word_1_539' title='bbox 158 4470 251 4520; x_wconf 78' lang='lat' dir='ltr'><strong>eredit:</strong></span> <span class='ocrx_word' id='word_1_540' title='bbox 269 4471 333 4533; x_wconf 90' lang='lat' dir='ltr'><strong>quud</strong></span> <span class='ocrx_word' id='word_1_541' title='bbox 353 4487 407 4520; x_wconf 82' lang='lat' dir='ltr'><strong>eero</strong></span> <span class='ocrx_word' id='word_1_542' title='bbox 423 4471 530 4522; x_wconf 87' lang='lat' dir='ltr'><strong>dirinum</strong></span> <span class='ocrx_word' id='word_1_543' title='bbox 548 4484 573 4522; x_wconf 89' lang='lat' dir='ltr'><strong>et</strong></span> <span class='ocrx_word' id='word_1_544' title='bbox 589 4475 728 4531; x_wconf 75' lang='lat' dir='ltr'><strong>immunde,</strong></span> <span class='ocrx_word' id='word_1_545' title='bbox 739 4473 785 4520; x_wconf 88' lang='lat' dir='ltr'><strong>elie</strong></span> <span class='ocrx_word' id='word_1_546' title='bbox 802 4474 900 4524; x_wconf 90' lang='lat' dir='ltr'><strong>retione.</strong></span> <span class='ocrx_word' id='word_1_547' title='bbox 934 4472 1092 4530; x_wconf 85' lang='lat' dir='ltr'><strong>Quemnbrem</strong></span> <span class='ocrx_word' id='word_1_548' title='bbox 1110 4469 1186 4518; x_wconf 86' lang='lat' dir='ltr'><strong>mirari</strong></span> <span class='ocrx_word' id='word_1_549' title='bbox 1207 4485 1255 4517; x_wconf 89' lang='lat' dir='ltr'><strong>nun</strong></span> 
     </span>
    </p>
   </div>
   <div class='ocr_carea' id='block_1_3' title="bbox 158 4551 1255 4685">
    <p class='ocr_par' dir='ltr' id='par_1_3' title="bbox 158 4551 1255 4685">
     <span class='ocr_line' id='line_1_50' title="bbox 158 4551 1255 4684; baseline 0.002 -84"><span class='ocrx_word' id='word_1_550' title='bbox 158 4551 243 4684; x_wconf 70' lang='lat' dir='ltr'><strong>debeq3</strong></span> <span class='ocrx_word' id='word_1_551' title='bbox 248 4552 268 4598; x_wconf 83' lang='lat' dir='ltr'><strong>ei</strong></span> <span class='ocrx_word' id='word_1_552' title='bbox 279 4553 357 4602; x_wconf 85' lang='lat' dir='ltr'><strong>omnia</strong></span> <span class='ocrx_word' id='word_1_553' title='bbox 367 4569 462 4620; x_wconf 73' lang='lat' dir='ltr'><strong>germen</strong></span> <span class='ocrx_word' id='word_1_554' title='bbox 472 4570 541 4604; x_wconf 77' lang='lat' dir='ltr'><strong>uuum</strong></span> <span class='ocrx_word' id='word_1_555' title='bbox 552 4563 636 4606; x_wconf 88' lang='lat' dir='ltr'><strong>neture</strong></span> <span class='ocrx_word' id='word_1_556' title='bbox 648 4554 790 4604; x_wconf 74' lang='lat' dir='ltr'><strong>ceriuirnutn</strong></span> <span class='ocrx_word' id='word_1_557' title='bbox 802 4555 912 4606; x_wconf 85' lang='lat' dir='ltr'><strong>bobeent.</strong></span> <span class='ocrx_word' id='word_1_558' title='bbox 924 4569 978 4602; x_wconf 84' lang='lat' dir='ltr'><strong>nem</strong></span> <span class='ocrx_word' id='word_1_559' title='bbox 989 4551 1255 4684; x_wconf 47' lang='lat' dir='ltr'><strong>immortalitatiq&#39;gretit</strong></span> 
     </span>
     <span class='ocr_line' id='line_1_51' title="bbox 243 4631 1183 4685; baseline -0.001 -2"><span class='ocrx_word' id='word_1_560' title='bbox 243 4633 288 4684; x_wconf 73' lang='lat' dir='ltr'><strong>ter.</strong></span> <span class='ocrx_word' id='word_1_561' title='bbox 309 4631 350 4685; x_wconf 77' lang='lat' dir='ltr'><strong>Tr.</strong></span> <span class='ocrx_word' id='word_1_562' title='bbox 686 4635 708 4685; x_wconf 82' lang='lat' dir='ltr'><strong>l.</strong></span> <span class='ocrx_word' id='word_1_563' title='bbox 1129 4639 1143 4682; x_wconf 74' lang='grc'><strong>3</strong></span> <span class='ocrx_word' id='word_1_564' title='bbox 1179 4633 1183 4644; x_wconf 93' lang='grc'><em>“</em></span> 
     </span>
    </p>
   </div>
   <div class='ocr_carea' id='block_1_4' title="bbox 0 0 1580 5316">
    <p class='ocr_par' dir='ltr' id='par_1_4' title="bbox 0 0 1580 5316">
     <span class='ocr_line' id='line_1_52' title="bbox 0 0 1580 5316; baseline 0 2"><span class='ocrx_word' id='word_1_565' title='bbox 0 0 1580 5316; x_wconf 95' lang='lat' dir='ltr'><strong> </strong></span> 
     </span>
    </p>
   </div>
  </div>
 </body>
</html>
