3138 5300
121 533 196 612 nen]
575 531 786 596 cornum.
1129 503 1135 518 '
1161 537 1221 596 noo

115 687 238 753 delncepc,
254 695 331 738 utrum
349 686 458 754 opinioni
476 693 548 750 atquc
564 685 666 735 omnent
683 685 850 736 immisceatur.
893 685 960 734 Tun.
976 687 1045 738 Cur?
1082 687 1132 738 ilo.
1150 689 1218 746 Quo·

117 767 190 826 niam,
200 768 221 816 ai
231 769 298 818 nulio
309 769 381 818 nodo
391 767 429 818 ltin
440 766 592 824 imminenter,
601 757 656 814 r'era
665 781 717 815 eane
727 766 808 815 emnia
818 781 914 816 necatae
933 775 978 816 ert.
994 768 1032 816 cin
1042 775 1121 816 autern
1136 770 1220 818 mineo·

118 853 166 910 tor,
175 847 235 896 inlaa
251 848 335 914 opinio
353 846 476 912 oratioque
491 845 551 894 tatia
566 844 710 894 medentur.
727 845 806 896 dicere
815 847 880 896 enin
890 854 915 896 et
924 847 1016 910 opinari
1028 864 1075 898 neu
1086 849 1160 907 entia,
1171 849 1218 900 hoc

118 925 196 990 ipaaar
206 927 291 978 ialrum
301 938 347 993 eat,
365 929 468 978 orationi
487 935 512 976 et
530 925 671 990 cogitationi
688 927 837 990 contingere.
870 927 935 978 Tun.
951 928 991 978 Sic
1009 937 1054 978 est.
1087 929 1138 978 lio.
1156 929 1216 980 Cunr

120 1008 217 1057 mne
226 1009 325 1068 icinitar,
335 1008 449 1074 deceptio
463 1007 576 1072 nequitur.
609 1005 675 1056 Tne.
691 1006 784 1059 dictim.
818 1008 869 1059 Ηο.
887 1008 947 1058 Orta
957 1011 1110 1073 deceptione,
1121 1025 1217 1058 nocente

118 1093 155 1134 eat
171 1087 301 1139 aimnlaeria
315 1097 342 1138 ct
358 1087 500 1153 imaginibur
511 1086 683 1151 pirantariaqua
701 1095 789 1136 cuncta
804 1088 898 1153 repleri.
930 1089 997 1138 Tua.
1014 1088 1080 1138 Nihil
1092 1097 1217 1154 repugnat.

117 1165 167 1216 tto.
183 1168 320 1234 Sophiatarn
331 1168 412 1235 ntique
422 1168 559 1218 dicebamur
577 1168 616 1218 hie
634 1167 766 1233 aufugisse,
777 1168 834 1217 dnm
845 1168 930 1218 inicum
945 1167 1025 1233 aliquo
1037 1171 1107 1218 ruodo
1118 1187 1170 1220 carc
1181 1187 1218 1219 re·

118 1255 209 1306 unat,
220 1249 278 1315 qnia
286 1265 336 1300 non
346 1265 389 1301 anr
400 1265 471 1299 mmo
488 1248 579 1312 cogitet
591 1249 628 1298 rel
647 1249 795 1312 pronuntiet,
814 1264 868 1300 eom
880 1264 928 1298 noo
939 1265 982 1298 eun
993 1249 1058 1298 nullo
1069 1265 1098 1298 ca
1109 1258 1175 1315 parte
1187 1251 1218 1299 rit

118 1328 227 1378 menne
239 1329 365 1396 perticepo.
398 1329 465 1379 Tur.
482 1329 523 1378 Sic
534 1329 680 1378 condictum.
714 1327 765 1379 Ηο.
782 1328 855 1378 Nune
870 1336 951 1376 autera
970 1330 1016 1378 lroe
1027 1328 1089 1380 entis
1100 1331 1217 1394 particapr

119 1407 190 1456 nonis
200 1411 320 1474 apparuit.
336 1419 482 1476 qoapmpter
491 1411 555 1458 haud
564 1409 626 1458 ultra
635 1411 699 1460 lianc
709 1411 735 1458 ia
747 1411 843 1459 medum
854 1408 978 1474 pugnabit.
1013 1409 1082 1460 rone
1089 1427 1143 1459 vero
1152 1411 1217 1460 dicet

117 1489 233 1550 qttaadnra
242 1505 257 1538 a
265 1490 390 1555 apacieim
400 1507 450 1540 non
460 1497 518 1540 calo
528 1490 677 1556 participare,
687 1492 802 1556 quandam
813 1491 910 1540 minime
921 1506 928 1540 c
946 1490 1077 1540 orationem
1087 1499 1112 1540 et
1123 1492 1216 1555 opinio·

116 1583 172 1618 aeta
183 1585 214 1619 ex
224 1569 317 1620 illorum
328 1587 426 1622 numero
435 1587 496 1630 erae,
503 1587 559 1636 qun
569 1588 618 1622 nen
629 1573 784 1637 participent:
796 1580 822 1622 et
831 1571 916 1622 iccirco
924 1571 1060 1622 facultatem
1069 1571 1134 1620 illam
1143 1573 1218 1636 pinn-

116 1649 235 1708 mnan,
246 1650 422 1702 imulacmrnnr
433 1653 576 1717 magienam,
585 1653 611 1702 ia
620 1667 668 1718 qna
677 1652 743 1701 illum
753 1643 1012 1726 locarimua,nurqundr
1020 1667 1072 1702 cccc
1079 1653 1219 1712 contendet,

116 1737 243 1794 pentqnanr
254 1731 338 1796 opinio
348 1733 470 1797 oratioque
481 1747 530 1782 non
539 1740 596 1782 rata
606 1734 672 1783 nullo
689 1733 761 1783 medo
779 1732 937 1798 participant:
954 1731 1086 1798 ialcumquc
1097 1733 1157 1782 nihil
1167 1749 1219 1784 cose

115 1811 191 1868 dicet,
202 1827 256 1860 etun
267 1812 333 1862 nulla
343 1813 479 1862 communio
484 1813 543 1862 talia
549 1814 684 1878 reperiatur.
717 1814 888 1874 Quamobrem,
897 1812 955 1878 quid
966 1813 1040 1862 oratio
1047 1813 1079 1862 rit
1086 1814 1216 1880 opinioque

116 1898 142 1940 et
153 1893 288 1956 phantasia.
298 1893 376 1957 primo
386 1893 586 1957 iarertigandun,
597 1901 625 1942 et
639 1893 676 1942 irie
691 1891 816 1941 declaratio
827 1907 907 1940 cerunt
919 1907 973 1940 cnm
984 1901 1098 1942 concute
1109 1908 1214 1942 commu·

115 1971 214 2020 alonna
223 1973 413 2037 conspiciamur:
430 1973 505 2039 [not]
522 1987 571 2037 qua
587 1972 695 2036 inrpreta
709 1971 793 2020 ialnunr
804 1985 856 2019 esec
866 1969 957 2034 aliquid
968 1971 1134 2023 ooteodamnac
1150 1989 1217 2024 corn·

116 2066 165 2114 quc
175 2053 223 2102 boc
233 2054 413 2119 ooteadarinrun,
423 2053 448 2102 in
459 2067 489 2102 eo
499 2051 645 2117 Sophietam,
656 2050 737 2100 eirene
747 2049 786 2108 eit,
793 2049 940 2110 viaet-non
957 2049 1062 2114 alioquin
1070 2051 1219 2101 abrolventec

116 2131 184 2181 tttan
205 2132 231 2182 in
249 2133 299 2184 alio
315 2133 419 2200 quodam
435 2149 521 2197 genera
536 2132 775 2196 deindequreramur.
807 2129 874 2180 Tne.
893 2128 980 2178 Verum
1001 2129 1099 2178 omnino
1116 2131 1218 2190 ridetur,

119 2209 215 2279 ltocpcc,
225 2215 291 2279 qnod
301 2215 331 2264 ab
341 2214 411 2264 initio
421 2213 452 2264 dc
462 2213 576 2279 Sephirta
587 2212 747 2280 pmdiniurun,
757 2211 823 2276 quod
834 2210 945 2260 uidelicet
952 2209 1048 2259 difficile
1061 2211 1117 2276 capi
1128 2219 1215 2276 ponet.

117 2293 205 2344 Mati·
221 2295 285 2344 enirn
301 2303 338 2346 ent
355 2296 462 2346 obicibnr
477 2295 657 2360 circumceptua.
668 2308 746 2358 neque
762 2292 794 2341 ad
805 2307 860 2340 curn
877 2292 998 2356 pervenire
1008 2291 1062 2355 quia
1073 2300 1161 2356 potent,
1172 2293 1218 2342 nisi

116 2376 182 2441 princ
191 2377 349 2441 onnootan,
359 2379 424 2443 quod
436 2378 511 2442 primo
519 2375 580 2440 jecit
591 2376 640 2434 ilie,
648 2373 800 2425 rubmorerit.
833 2373 866 2421 lit
883 2387 947 2422 nune
965 2371 1108 2436 quidemrir
1120 2373 1216 2422 tandem

116 2456 277 2521 objectionem
295 2458 362 2507 illam
381 2458 508 2519 eruimur,
517 2472 566 2521 qua
583 2473 632 2506 non
649 2471 692 2505 eun
702 2454 851 2508 nullomodo
862 2451 1043 2507 ecmirnulernt.
1059 2453 1175 2502 continuo
1186 2453 1218 2502 ci·

116 2537 217 2602 quidam
228 2537 292 2587 aliud
303 2546 340 2586 eet
350 2538 450 2588 illatum.
484 2538 556 2588 Unde
573 2545 667 2601 oportet
676 2536 802 2586 ntsiuiem
822 2533 1021 2590 decorationem
1033 2533 1217 2598 opinionemque

115 2619 260 2668 oniendercc
277 2633 306 2668 ac
324 2619 421 2668 ioraitcn
437 2619 553 2683 posthoc
569 2617 655 2668 aliud:
672 2617 786 2680 ah‘udqua
804 2623 858 2679 port
868 2615 945 2676 illud3
962 2612 1087 2678 nullusque
1104 2613 1216 2674 tennione

115 2697 245 2750 invenitur.
277 2697 329 2750 lio.
347 2698 410 2748 Forti
428 2699 509 2748 animo
525 2699 646 2764 pemequi,
655 2697 786 2754 Thalete,
799 2697 879 2754 debet,
890 2694 996 2762 quicquic
1007 2687 1089 2744 contra
1100 2694 1218 2758 progredi,

115 2786 245 2846 poctquaur
263 2780 358 2838 inraait,
369 2779 542 2846 aliquantolum
554 2780 625 2829 valet.
641 2780 683 2842 qui
702 2777 807 2828 enimin
824 2777 875 2832 ictio
893 2773 994 2832 bunut,
1006 2775 1030 2823 ln
1048 2774 1101 2824 aliia
1119 2774 1217 2827 audebit

116 2874 248 2924 nurrqucrn.
280 2859 344 2910 Nam
355 2862 397 2926 qui
406 2861 455 2910 illio
465 2869 508 2910 aut
516 2860 578 2910 nibil
593 2859 686 2925 perficit
700 2867 743 2908 aot
756 2867 819 2909 retro
835 2856 965 2922 repellitur,
976 2871 1107 2924 cunilam,
1123 2863 1150 2906 ut
1161 2871 1217 2920 pro·

117 2939 289 2998 venetum,
304 2940 450 3005 expugnabit
471 2942 561 2992 urbem.
594 2939 667 2990 Nunc
678 2955 743 2998 vero,
759 2946 883 3004 poriquanr
899 2937 983 3002 ingene
1001 2937 1148 2996 ommulnur
1164 2936 1215 3001 jam

116 3020 261 3085 disjecimun
273 3021 364 3087 reliqna
374 3023 473 3088 poeitae
485 3022 575 3072 minora
585 3021 720 3086 lerioraquc
731 3028 878 3086 reperiunt..
896 3017 963 3074 Tua.
981 3017 1096 3074 Predara
1104 3017 1217 3082 qupcrir.

117 3101 168 3152 ilo.
184 3101 324 3152 Orationem
334 3103 415 3168 itaqua
426 3101 511 3167 primo,
521 3102 592 3152 ricuti
608 3101 699 3152 dietum
717 3108 763 3160 eet,
773 3098 939 3164 opinionemve
954 3097 1085 3163 capiamur,
1095 3106 1123 3146 nt
1132 3098 1218 3148 donor

116 3182 277 3242 mundamus,
288 3191 366 3232 utrum
376 3199 425 3232 non
437 3198 480 3231 ena
497 3184 549 3232 lrarc
564 3182 683 3246 attingnt;
694 3196 730 3232 an
740 3196 797 3234 vcro
812 3179 909 3228 omnino
928 3177 978 3226 nint
995 3180 1075 3238 ambo,
1086 3177 1218 3241 falsumque

117 3271 235 3314 nouom.
267 3264 335 3312 Tan.
350 3262 459 3328 Optime.
493 3262 544 3311 lto.
561 3261 625 3326 Age,
634 3259 835 3324 quenadmodum
846 3259 909 3308 circa
919 3256 1011 3319 rpecier
1021 3266 1046 3304 ct
1062 3256 1140 3304 literae
1154 3257 1218 3305 diri·

118 3359 180 3407 tnnc,
191 3343 298 3392 rtnitttn
305 3344 370 3392 eirca
380 3342 478 3391 nomina
488 3356 567 3390 roraun
583 3341 752 3403 excogitemus.
769 3338 861 3392 ridetur
872 3336 940 3394 ,cultu
958 3336 1026 3400 tutcd.
1034 3351 1098 3386 nunc
1107 3336 1219 3400 qnaerittu

117 3423 151 3472 ita
162 3439 214 3473 neae
225 3424 319 3472 habere.
350 3423 419 3472 Tan.
436 3422 503 3480 Quid
514 3420 661 3485 poeninon
677 3421 708 3468 de
727 3417 904 3476 oomioiburyt·
914 3415 1034 3478 intelligi?
1063 3415 1116 3474 Ηο.
1132 3417 1218 3470 ,Utrum

116 3503 200 3552 omnia
218 3503 318 3552 invicem
337 3509 479 3567 congruant,
490 3509 533 3550 ant
551 3500 659 3563 nullum
676 3505 719 3547 aut
735 3498 845 3562 quedam
861 3503 1002 3554 contenent,
1016 3494 1067 3556 plia
1087 3495 1216 3546 dissonent.

116 3583 185 3633 Tan.
203 3583 275 3632 Patet
288 3582 352 3646 qnod
364 3583 472 3646 quedam
488 3587 631 3646 congruunt,
641 3579 750 3645 quiedam
762 3577 872 3630 minime:
901 3576 952 3632 Hc.
969 3576 1039 3626 Forte
1049 3576 1096 3626 tale
1105 3575 1217 3640 quiddnrrr

116 3665 161 3722 aie,
171 3665 237 3730 qued
248 3679 303 3728 quar
313 3671 484 3728 consequenter
494 3663 559 3712 dieta
571 3661 661 3726 aliquid
673 3659 816 3725 exprimunt,
827 3659 928 3706 invicem
937 3664 1085 3722 congruunt:
1097 3673 1151 3721 qum
1163 3673 1217 3706 vero

117 3745 257 3793 continuata
276 3743 334 3792 nihil
354 3743 557 3808 rignilicant,uon
575 3741 730 3792 conveniunt.
763 3739 829 3794 an.
853 3737 981 3795 Quomodo
1000 3737 1095 3786 diceban
1112 3735 1218 3800 quidve?

119 3821 170 3874 tto.
187 3823 260 3882 Quod
270 3824 402 3889 intelligere
419 3833 443 3873 ta
453 3833 479 3873 et
489 3824 557 3873 interi
568 3823 659 3887 putari.
692 3821 750 3870 Duo
760 3834 861 3882 namque
873 3825 928 3866 runt
937 3833 1021 3882 genera
1033 3817 1218 3868 declarationum

117 3919 270 3971 earam‚quo
279 3907 341 3956 cirea
352 3907 478 3956 amnon
487 3922 545 3956 roca
556 3905 626 3956 liunt.
658 3904 725 3954 Tur.
742 3904 798 3960 Quo
811 3899 898 3965 preto?
912 3898 990 3963 [⁶262]
1007 3898 1057 3948 lio.
1077 3898 1155 3948 Unuru
1166 3897 1218 3962 qui·

117 3984 173 4034 deta
184 3985 306 4035 nominum
318 3988 535 4050 gennc‚rterbernm
546 3987 653 4037 alterum.
687 3984 754 4038 Turn.
771 3982 819 4052 Dic
836 3988 969 4044 utcumque,
1002 3979 1053 4028 llo.
1069 3978 1217 4028 Declrrntio·

117 4079 183 4129 nem,
191 4081 240 4129 qua
247 4066 353 4116 actiom
363 4068 535 4131 significantur,
543 4069 639 4118 uerbum
647 4066 757 4116 dicimur.
781 4063 848 4116 Tua.
865 4062 936 4110 Sanc.
961 4060 1013 4110 Ηο.
1030 4061 1128 4125 Signum
1139 4069 1218 4109 autern

116 4145 185 4194 coeio
195 4144 321 4208 agentibus
329 4145 542 4211 ipeirimpoaiiurn,
552 4163 649 4200 nomen.
681 4147 748 4198 Tua.
764 4145 870 4194 Prorsus.
905 4141 955 4192 tto.
972 4139 1071 4190 Euclio
1082 4139 1218 4190 nominibur

116 4223 249 4290 auppoaitir
259 4224 361 4274 laricem
376 4227 451 4275 oracio
461 4241 583 4291 nunquam
594 4227 703 4285 efficitur,
718 4241 796 4290 neque
806 4241 882 4274 rorrua
893 4239 923 4272 cx
934 4223 1009 4272 rechin
1019 4223 1109 4285 abique
1119 4220 1219 4269 nomini·

118 4302 165 4354 bnr'
173 4307 343 4370 anbaeqoentcr
353 4307 517 4370 pronuntiatio.
551 4307 618 4359 Tun
635 4307 695 4357 Hac
706 4323 754 4356 non
766 4304 849 4356 didici.
883 4305 933 4354 Ηο.
951 4305 1050 4354 Constat
1062 4305 1144 4367 utique
1154 4303 1220 4367 quod

120 4384 169 4433 atio
178 4384 306 4434 intendant
316 4385 420 4434 animem
437 4385 510 4449 paulo
527 4393 583 4436 anic
597 4386 763 4436 uccotielrarc.
779 4401 834 4434 nom
851 4387 897 4436 hoc
912 4385 989 4450 ipsunt
1007 4393 1055 4444 ont,
1065 4385 1130 4450 quod
1142 4385 1220 4434 dicere

120 4465 236 4522 volebam,
247 4467 312 4530 qnod
329 4466 382 4526 iatc,
396 4466 416 4516 ri
426 4467 507 4526 ,nolum
525 4467 559 4518 ita
574 4467 712 4516 continuata
724 4466 915 4532 pronuntiantur,
923 4466 1052 4515 orationem
1065 4481 1111 4513 non
1123 4465 1221 4515 ieciont.

119 4543 184 4596 Tan.
200 4547 347 4614 qurncdoi
379 4549 432 4600 iio.
450 4548 484 4598 Ut
495 4549 569 4618 radit,
580 4535 662 4610 currit,
672 4551 767 4614 dormit,
777 4555 803 4596 et
813 4549 859 4598 alia
867 4549 945 4606 verba,
957 4561 1104 4614 quacunque
1115 4546 1221 4596 actiones
