3150 5316
99 570 102 575 -
140 527 223 606 777]
584 516 812 593 1177117777.
1088 481 1091 486 ¹
1184 534 1242 596 777

145 691 254 756 prosimu
271 691 388 740 discessus
404 693 510 753 tempore
528 689 666 753 perpulchre
686 692 766 740 omnio
785 689 867 740 ducit:
879 677 964 740 ’777777
981 691 1124 757 procedente
1138 695 1245 760 tempore

142 771 264 820 oblivione
271 769 322 835 jam
333 777 478 834 occupatur:
496 777 641 834 quapropter
649 769 734 834 prioris
744 771 899 820 deformitatis
907 774 984 836 parslo
994 775 1157 823 relrcnrentins
1168 775 1244 824 domi-

141 859 221 902 natur.
254 852 358 900 Demum
369 851 440 914 longo
451 857 535 898 exacto
547 857 652 912 tempore
662 849 803 908 deflorescit,
814 865 842 900 ac
853 851 916 900 boue
925 853 1012 918 erigus
1023 869 1157 918 procreans,
1169 855 1242 904 malo·

141 947 194 980 rum
213 947 268 981 vero
284 938 391 980 naturam
410 930 447 979 bis
465 929 588 994 plurimam
606 929 717 987 misceas,
736 931 865 993 periculum
883 931 955 993 subit,
969 949 1006 982 ne
1028 943 1054 984 71
1075 936 1125 1000 ipse
1147 942 1173 984 ct
1191 951 1245 1000 quas

143 1011 169 1061 in
189 1028 214 1061 se
229 1021 284 1061 sunt
301 1011 390 1074 omnia,
408 1011 573 1061 dissolvantur.
607 1009 765 1068 Quamobrem
784 1008 851 1060 Deus
867 1011 907 1060 ille
927 1015 1047 1078 quondam
1069 1015 1140 1079 bujus
1156 1017 1246 1064 ordinis

144 1101 235 1150 777177,
253 1109 351 1143 cernens
371 1092 484 1140 mnndum
503 1097 570 1140 17717
589 1091 614 1140 17
631 1089 764 1140 discrimine
783 1091 897 1154 positum,
913 1091 1041 1146 miseretur.
1058 1110 1128 1144 7777
1143 1097 1246 1148 tumultu

143 1175 206 1222 adeo
218 1175 352 1224 turbulento
362 1173 463 1222 1771771
473 1171 661 1236 dissolvaturque
671 1179 697 1218 et
715 1171 739 1218 in
752 1169 829 1219 locum
840 1170 1039 1222 dissimilitudinis
1048 1174 1167 1225 infinitum
1184 1193 1246 1227 ruer·

143 1261 219 1319 gatus,
238 1255 321 1304 iterum
341 1255 419 1302 adstat
436 1259 461 1301 et
478 1251 598 1317 presidet,
616 1251 791 1317 resumptisque
809 1251 916 1315 protinus
933 1254 1095 1316 gubernaculis
1105 1259 1243 1319 7377177117

143 1337 223 1384 omnia
241 1335 402 1398 dissolutaque
421 1333 520 1397 antiqua
537 1332 574 1381 sui
594 1332 724 1396 agitatione
742 1332 868 1394 copvenir,
885 1342 953 1380 ornat
969 1341 994 1382 71
1004 1335 1106 1398 corrigit,
1118 1338 1243 1402 mortisque

141 1415 295 1464 scurrilium
307 1423 332 1463 et
351 1417 478 1464 senectutis
489 1413 606 1478 ignauum.
640 1412 688 1462 Hic
699 1429 755 1478 ergo
765 1420 904 1462 cunctorum
916 1413 1120 1466 11717777111717.
1152 1417 1244 1468 Sufficit

143 1501 224 1544 autern
234 1497 281 1545 1777
291 1496 321 1543 71
333 1494 393 1559 regis
404 1495 479 1559 ipsius
490 1493 657 1551 ostensionem,
673 1494 692 1541 sl
709 1495 780 1542 modo
793 1509 864 1559 supra
879 1496 944 1544 dictu
956 1503 1088 1545 teneantur.
1122 1497 1242 1547 converso

141 1576 227 1624 117777
235 1577 322 1624 mundo
334 1576 494 1640 7177777717
505 1574 783 1641 777117777773777777,
794 1583 852 1624 etas
862 1591 940 1624 rursus
949 1575 1008 1626 ultra
1019 1578 1127 1642 progredi
1139 1579 1241 1637 destitit,

143 1664 168 1704 et
180 1671 242 1703 7777
254 1656 289 1704 lris
299 1657 424 1714 contraria,
434 1673 488 1720 quas
504 1665 571 1707 erant
588 1665 653 1716 tunc,
665 1657 776 1707 reddidit.
810 1655 931 1706 Anirualia
950 1649 1025 1723 porro'
1037 1659 1104 1707 morti
1121 1660 1153 1707 ob
1164 1661 1240 1724 ipsam

144 1737 284 1784 tenuitatem
297 1739 411 1803 proxima,
421 1746 491 1787 aucta
501 1746 572 1788 sunt:
590 1753 644 1802 quas
656 1753 711 1787 7777
722 1753 798 1804 nuper
808 1753 836 1787 ex
847 1746 908 1788 terra
926 1755 984 1788 cana
995 1749 1148 1806 surrexerant,
1159 1742 1242 1790 iterum

143 1817 168 1863 in
181 1825 264 1865 177777
275 1818 399 1867 morientia
409 1821 550 1869 recidemnt.
583 1819 669 1868 Cetera
679 1819 735 1868 11777
747 1819 827 1868 omnia
838 1825 990 1868 transmutata
1001 1827 1065 1878 sunt,
1077 1823 1158 1871 77711
1172 1822 1244 1872 171177

140 1897 217 1962 [m]
234 1900 356 1961 sequentia
379 1900 522 1964 passionem.
555 1897 722 1948 Generationis
749 1899 840 1964 quippe
860 1905 886 1946 et
907 1899 1071 1965 conceptionis
1091 1909 1117 1950 et
1137 1901 1243 1951 alimenti

142 1976 244 2026 imitatio
255 1987 340 2027 cuncta
353 1980 483 2028 7777777717
495 1987 575 2030 secuta
585 1987 630 2029 771.
664 1979 751 2044 Neque
768 1979 831 2028 enim
847 1979 947 2028 dabatur
965 1978 1075 2044 amplius,
1090 1981 1186 2030 interra
1203 1997 1244 2046 per

144 2071 227 2107 777777
238 2059 295 2107 71177
305 2068 475 2125 componentes
484 2061 569 2110 771771
582 2061 641 2109 nort.
658 2075 712 2110 nam
722 2061 921 2124 quemadmodum
931 2060 1064 2110 1771117177
1075 2061 1130 2124 luit,
1141 2069 1167 2109 ut
1178 2079 1246 2110 mun·

146 2139 192 2188 dua
213 2139 322 2189 motionis
342 2157 391 2190 sue
409 2141 519 2190 17771777
537 2149 615 2190 esset:
633 2141 667 2189 its
685 2140 753 2189 simili
773 2141 874 2206 quadam
891 2141 1004 2190 ductione
1020 2142 1119 2198 iactum,
1131 2148 1245 2206 utpartes

147 2221 229 2270 mundi
241 2237 281 2285 per
291 2237 317 2270 se
328 2222 400 2285 ipsas,
411 2223 489 2285 quoad
501 2222 551 2270 fieri
564 2227 650 2286 potest,
660 2229 807 2286 generentur
817 2229 942 2271 77777177
952 2229 977 2271 71
987 2223 1099 2272 77171771.
1125 2221 1179 2270 Jam
1191 2238 1245 2270 7777

144 2301 175 2350 nd
186 2301 210 2350 id
220 2303 378 2366 pervenimus,
388 2303 418 2351 ml
430 2304 496 2368 quod
508 2313 587 2351 nostra
597 2303 674 2352 omnis
685 2301 787 2367 respexit
797 2303 881 2352 oratio.
915 2301 954 2352 De
966 2301 1060 2367 reliquis
1067 2301 1130 2352 enim
1138 2302 1244 2351 animan·

141 2381 208 2430 tibus
219 2382 293 2429 777117
303 2391 328 2432 71
338 2399 423 2447 magna
433 2383 512 2433 7717771
524 2390 629 2448 possent,
639 2400 669 2432 er
679 2385 766 2449 quibus
774 2399 875 2449 queque
886 2391 912 2432 et
921 2400 979 2448 qaas
990 2385 1023 2433 ub
1033 2399 1117 2432 777777
1130 2391 1244 2433 transmu-

140 2461 313 2510 1717177771.
360 2464 421 2522 Quo
441 2480 494 2514 vero
517 2464 580 2514 71777
600 2465 707 2514 homines
727 2465 885 2528 contigerunt,
907 2466 1013 2514 breviora
1039 2473 1095 2514 7771
1115 2473 1141 2514 et
1167 2466 1244 2530 magis

141 2542 173 2590 ad
196 2557 243 2590 777
265 2543 375 2594 attinent.
408 2545 469 2595 Cura
491 2545 598 2594 homiues
620 2546 718 2610 pasturis
736 2545 889 2610 presidisque
907 2545 1013 2610 ipsorum
1033 2547 1148 2594 demonis
1166 2553 1245 2596 777771

143 2621 293 2686 pmvidentia
314 2623 430 2684 destituti,
450 2633 476 2674 et
497 2626 608 2675 animalia
629 2626 711 2683 multa,
733 2642 787 2691 quse
803 2633 888 2690 suapte
909 2633 992 2674 natura
1011 2625 1122 2674 immania
1144 2627 1245 2682 1777771,

143 2701 240 2751 efferata
251 2703 334 2752 iterum
346 2714 433 2764 essent,
444 2706 544 2754 inermes
555 2707 600 2771 ipsi
610 2707 788 2771 imbecillesque
799 2713 824 2755 ct
833 2707 941 2756 custodia
951 2706 1057 2755 derelicti
1066 2706 1149 2755 abillis
1157 2706 1243 2771 passim

140 2781 326 2834 dilaniabantur.
361 2785 500 2836 Accedebat
521 2789 605 2838 inertia
626 2797 651 2837 71
672 2787 789 2852 imperitia
809 2787 954 2853 superiorum
978 2795 1121 2853 temporum,
1137 2787 1243 2836 laborum

143 2863 207 2911 cuim
218 2879 372 2932 curarumque
384 2869 457 2918 nescii
468 2870 581 2920 71777771.
613 2869 694 2919 Tellus
705 2870 768 2918 lrnud
780 2869 841 2917 ultra
859 2870 948 2919 victum
959 2880 1043 2933 sponsu
1060 2868 1244 2932 suppeditabat:

141 2946 298 3008 comparandi
308 2963 363 2996 vero
375 2948 487 2998 industria
501 2952 605 2999 nondum
617 2951 722 3008 iuventa,
738 2951 795 3016 quia
806 2950 872 2999 77117
882 2950 1009 3000 7777771177
1025 2949 1080 2998 11177
1091 2958 1146 2998 7717
1157 2949 1245 3012 colige-

145 3032 190 3074 rat.
222 3024 268 3074 1117
278 3027 309 3076 de
319 3029 396 3078 causis
407 3030 430 3078 17
442 3047 558 3080 summum
568 3033 693 3082 discrimen
702 3039 773 3097 atquc
783 3031 905 3096 penuriam
913 3031 1005 3080 illorum
1015 3031 1116 3081 7717717
1125 3047 1160 3080 res
1169 3036 1245 3079 77771.

146 3107 299 3172 Quapropter
310 3125 404 3159 munera
415 3111 464 3176 ille,
474 3129 528 3177 qum
539 3113 594 3161 olim
606 3129 619 3162 7
630 3115 677 3162 1117
694 3115 780 3162 tribute
793 3112 926 3160 huminibus
938 3116 1102 3168 memorentur,
1114 3109 1244 3158 necessaria

143 3188 246 3250 quadam
264 3189 390 3255 discipline
407 3192 586 3255 eruditioneque
608 3193 695 3240 17117717
713 3193 816 3242 luerunt.
849 3191 873 3238 Δ
894 3191 1034 3238 Prometheo
1054 3190 1150 3253 quidem
1167 3189 1244 3250 igniac

143 3273 294 3316 7717777177
305 3283 321 3317 7
331 3268 442 3318 Vulcano
453 3269 564 3333 illiusque
575 3257 701 3318 consorte}
716 3271 806 3319 semina
816 3284 912 3334 quoqne
928 3276 954 3316 et
963 3277 1030 3316 177777
1045 3268 1124 3316 771177
1134 3268 1164 3315 ab
1175 3265 1227 3314 aliis
1239 3284 1245 3313 :

143 3349 226 3397 omnia
237 3349 368 3397 summatim
388 3350 442 3397 vitre
459 3348 579 3396 bominum
598 3349 741 3398 adminicula
758 3359 814 3398 tunc
831 3349 928 3395 deorum
945 3361 1016 3410 opera
1033 3353 1087 3394 7771
1104 3353 1248 3408 comparata,

141 3443 199 3478 cum
209 3427 316 3476 homines
327 3429 424 3478 177777
442 3429 590 3494 pmvidentio
600 3429 751 3487 deseruisset,
762 3434 929 3493 oporteretquc
945 3427 1060 3491 ipsosmet
1070 3425 1246 3490 propagationis

142 3517 168 3558 et
187 3508 312 3557 alimonia
326 3525 374 3558 7777
392 3525 471 3559 curam
488 3510 584 3573 babere,
601 3510 684 3558 mundi
701 3511 773 3558 totius
789 3510 879 3570 instar;
896 3523 966 3573 quern
984 3506 1101 3554 imitantes
1117 3519 1187 3554 omne
1205 3520 1247 3569 per

143 3597 239 3654 ternpus
249 3598 430 3655 sequentesque,
442 3589 500 3638 alias
519 3590 587 3638 711177
598 3589 715 3638 nascimur
733 3598 804 3654 atque
820 3589 936 3652 degimus.
968 3587 1016 3636 Sed
1027 3585 1107 3635 iabula
1114 3585 1164 3650 jam
1176 3585 1247 3634 tinem

144 3671 240 3719 lrabeat.
257 3685 286 3718 ea
297 3687 352 3720 cero
362 3672 482 3721 conducet
493 3671 562 3719 nobis
572 3671 603 3719 71
615 3671 811 3736 dignoscendum,
822 3677 936 3734 quantum
948 3683 1018 3734 supra
1026 3668 1049 3716 in
1058 3668 1118 3732 regis
1125 3666 1248 3731 civilisque

145 3749 285 3799 delinitione
306 3753 439 3803 7777717177.
473 3753 515 3802 So.
533 3753 589 3810 Qua
608 3751 632 3802 in
655 3769 680 3802 re
702 3761 728 3802 71
747 3757 861 3818 quantum
882 3767 969 3800 errasse
991 3766 1035 3798 nos
1056 3749 1131 3799 dicis?
1166 3747 1247 3799 11777.

146 3829 236 3878 Partim
256 3831 342 3890 minus,
352 3834 435 3897 partim
447 3834 582 3898 generosius
593 3834 723 3899 magisque,
733 3841 759 3881 et
776 3833 830 3899 plus
841 3847 911 3897 qnam
922 3839 979 3880 1777
990 3840 1100 3880 enatum.
1132 3831 1174 3880 ao.
1190 3829 1246 3885 Quo

146 3913 239 3975 pacto?
273 3911 354 3961 llosr.
372 3914 444 3970 Quod
455 3915 528 3974 enim,
539 3915 596 3962 dum
607 3922 748 3978 quereretur
759 3929 797 3961 rer
807 3912 931 3976 civilisque
940 3911 976 3959 vir
987 3928 1014 3960 er
1027 3909 1135 3975 presenti
1147 3910 1246 3959 circuitu

144 3990 353 4056 generationeque,
380 4002 496 4058 pastorem
523 4012 554 4044 77
581 3997 696 4045 contraria
714 3996 866 4045 conversione
894 3993 1046 4054 adduximus,
1074 3999 1098 4039 et
1122 4006 1165 4056 pro
1187 4006 1247 4039 uror-

143 4071 185 4121 tali
211 4071 285 4135 [175]
309 4073 384 4136 gregis
403 4075 499 4124 humani
523 4085 615 4140 pastore
637 4075 716 4124 Deum
737 4075 978 4130 commemoravimus,
999 4071 1093 4136 longius
1114 4071 1249 4136 transgressi

144 4167 241 4202 sumus:
258 4154 322 4215 quod
336 4167 389 4201 reru
400 4155 502 4204 7171177117
512 4157 627 4206 universas
639 4157 769 4221 principem
781 4157 847 4206 illum
858 4155 1015 4218 ostendimus,
1024 4169 1073 4219 quo
1084 4160 1162 4201 771777
1175 4151 1245 4199 niodo

143 4231 255 4298 princeps
266 4240 337 4290 esset,
348 4248 396 4281 uon
408 4234 587 4293 declaravimus,
599 4253 677 4285 venum
689 4237 785 4302 quidem
806 4237 916 4298 diximus,
926 4251 976 4284 non
988 4245 1067 4284 temen
1088 4233 1118 4283 71
1131 4233 1248 4297 integrum

144 4313 316 4378 perspicueque
328 4314 500 4378 descripsimus.
518 4319 637 4375 Quocirca
650 4319 726 4366 minus
737 4318 762 4366 in
774 4320 820 4367 boc
832 4333 901 4382 quam
914 4316 938 4364 iu
950 4317 991 4365 illo
999 4315 1127 4381 deliquisse
1136 4315 1249 4365 videniur.

145 4395 187 4444 So.
205 4393 267 4444 Vera
289 4395 399 4460 loqueris.
432 4395 514 4446 11777.
532 4395 673 4447 12717ῑί77777
695 4414 750 4462 ergo
771 4399 884 4447 debemus
907 4399 1076 4448 1777177777
1096 4411 1139 4444 nos
1153 4395 1247 4445 71711777

143 4476 217 4530 virum
229 4476 438 4542 771177777771777,
455 4494 508 4527 curn
525 4479 684 4544 gubcmandre
703 4477 805 4528 717117117
823 4478 919 4527 modum
937 4479 967 4526 ud
986 4475 1148 4526 sufficicntiam
1159 4475 1248 4526 ‹lisere-

143 4558 251 4606 verinrus.
284 4559 326 4609 So.
347 4557 468 4608 Pruclarc.
503 4559 582 4612 11777.
604 4561 644 4611 Ob
663 4563 724 4610 lruuc
736 4561 983 4626 utiquccauaanrcam
996 4557 1097 4608 labulunr
1117 4557 1248 4621 incepturi·

200 4639 322 4690 77777.
731 4643 752 4693 1.
1123 4638 1175 4687 ³1³
