3174 5322
170 477 248 560 nm]
605 473 821 538 rumonus.
1246 483 1265 539 r

175 627 544 694 rotoeksstelegnrterrlegele
553 583 1267 694 mbepuoerirtsteetnvtnrntgoeemoeeeneonue

175 729 231 764 nem
242 727 279 762 me
288 712 383 776 quidem
397 712 429 760 ob
439 710 555 774 igneriem
566 725 641 760 mrem
649 717 675 760 et
685 710 826 774 impetitiem
834 711 912 760 letnit.
939 710 1013 775 [22³]
1034 711 1186 776 Eloquentia
1202 715 1267 762 erim

174 793 275 846 diemde
283 793 359 842 roleer
369 791 479 840 interdie
496 791 527 840 ed
538 791 563 840 id
574 805 630 840 rere
640 805 685 840 nco
695 790 792 856 Lyrlem
807 791 905 854 quidem
923 791 1001 854 iprore
1020 792 1125 842 enssoere
1145 809 1172 842 ee
1186 795 1267 842 eristi·

171 887 238 924 mere
245 873 366 938 petebrrn.
399 871 510 922 Proiecto
520 871 579 920 mibi
590 871 653 920 tiene
662 879 708 928 eet.
726 887 741 920 o
758 871 868 935 Pbedre,
882 871 931 922 ehi
948 879 973 920 tn
990 871 1055 921 eliud
1065 873 1141 931 dicer,
1151 874 1188 924 bie
1197 883 1224 924 et
1233 883 1268 924 ter

171 953 255 1002 eedem
266 952 388 1016 repetiere,
397 952 463 1016 quee'
474 952 610 1002 deeeeetllli
620 951 691 1016 copie
698 953 782 1002 fldem
798 953 831 1002 de
844 969 870 1002 re
879 952 954 1002 molle
963 952 1069 1016 dicendi,
1078 953 1116 1002 rel
1126 953 1192 1018 qeeei
1202 954 1268 1004 nolle

171 1033 216 1082 eibi
227 1034 258 1082 de
269 1034 382 1084 boccere
391 1039 461 1084 erret·
476 1045 505 1082 eo
521 1031 580 1080 milri
596 1031 658 1080 viror
672 1040 709 1082 eet
725 1048 777 1082 rere
794 1039 921 1090 orientem,
931 1034 996 1097 quod
1007 1041 1088 1098 porret
1101 1035 1201 1084 eeedem
1217 1049 1267 1084 rem

171 1113 248 1176 eliter¹
259 1120 285 1162 et
300 1113 369 1164 eliter
385 1113 489 1164 dicendo
507 1118 607 1176 ntroqne
622 1112 695 1160 modo
713 1111 843 1162 luculenter
854 1113 950 1164 diriore.
981 1113 1054 1164 Pu.
1069 1113 1136 1162 Nihil
1144 1113 1188 1172 eir.
1198 1129 1214 1164 ο
1224 1115 1268 1164 dt>

171 1203 257 1244 crater.
288 1195 335 1244 boc
342 1193 406 1244 enim
417 1194 517 1242 menime
526 1191 601 1242 oretio
611 1192 703 1244 beboit.
721 1208 775 1248 eetn
786 1202 918 1258 quererent
928 1194 953 1244 in
962 1210 997 1256 re,
1007 1195 1039 1244 de
1048 1195 1136 1258 quibu
1144 1195 1268 1244 commode

174 1275 222 1327 ilci
238 1283 328 1340 portet.
339 1289 419 1324 eornm
436 1273 496 1324 nibil
506 1272 685 1336 pretermissum
701 1281 749 1330 ert.
766 1281 794 1322 ot
809 1281 892 1338 preter
902 1274 954 1332 ille,
965 1291 1019 1339 qne
1029 1277 1059 1323 eb
1070 1275 1115 1324 boo
1124 1275 1189 1324 dicte
1203 1284 1268 1334 rent,

173 1369 244 1404 nemo
263 1356 347 1409 eedem
366 1357 397 1406 de
421 1369 447 1408 re
467 1355 535 1417 plere
551 1359 594 1402 ent
604 1353 759 1416 probabiliore
776 1354 855 1404 dicere
870 1355 955 1418 poerit.
985 1355 1028 1406 So.
1045 1354 1076 1404 id
1093 1371 1138 1420 ego
1154 1371 1203 1406 non
1216 1356 1268 1419 jem

172 1434 277 1498 empliue
294 1436 401 1486 confiteri
419 1451 524 1499 porrum.
548 1433 619 1497 priecl
630 1434 693 1482 enim
705 1433 869 1499 repienterqoe
889 1435 933 1484 riri
950 1444 975 1484 et
994 1435 1111 1496 mulieree,
1128 1437 1170 1500 qni
1185 1437 1218 1485 rie
1232 1437 1269 1486 bie

168 1515 285 1580 ¹(linerent
294 1517 492 1579 ecriprerontqne‚
502 1515 643 1577 redergnent
653 1530 699 1571 me.
709 1515 731 1566 ei
742 1513 776 1563 toi
784 1515 858 1579 gretie
869 1516 893 1564 id
902 1531 1048 1566 coeormero.
1076 1517 1147 1568 Prie.
1165 1517 1269 1575 Quinem

167 1594 230 1662 ‚inii
266 1603 292 1648 rt
301 1597 343 1648 nbi
354 1605 380 1646 to
390 1597 487 1648 meliore
496 1595 585 1646 endieti
593 1596 610 1659 l,
624 1595 665 1646 so.
682 1595 712 1644 ln
723 1596 848 1660 pretende
857 1597 954 1661 quidem
965 1613 1014 1646 oon
1024 1597 1080 1646 retir
1091 1598 1205 1650 meminit
1226 1599 1267 1650 red

174 1676 284 1736 prolecto
297 1676 384 1726 elicubi
400 1677 509 1741 quedem
519 1675 608 1734 endiri,
618 1675 655 1722 rel
671 1676 780 1740 Seppbne
792 1678 906 1739 pulchre,
921 1677 959 1726 rel
971 1677 1087 1742 repientir
1103 1677 1270 1740 Anecreontir,

175 1752 215 1800 vel
226 1754 367 1817 ecriptornm
378 1754 484 1806 eliorum.
512 1755 583 1804 Unde
594 1771 648 1802 rem
659 1757 704 1806 boc
713 1756 763 1818 ipre
773 1755 900 1819 conjecto?
921 1758 978 1822 qnie
988 1758 1094 1822 plenum,
1103 1776 1117 1808 o
1126 1759 1204 1822 berte,
1211 1759 1270 1808 mibi

173 1833 255 1881 rontio
267 1843 352 1897 pecten
361 1835 458 1884 eliorum
468 1843 494 1886 et
503 1849 551 1885 non
561 1835 773 1900 deterioremque
790 1837 839 1886 dici
852 1847 960 1902 portent.
985 1839 1049 1902 quod
1060 1855 1115 1890 vero
1133 1855 1150 1888 e
1165 1855 1204 1888 me
1217 1841 1270 1903 ipro

173 1913 235 1960 nibil
255 1915 304 1965 trie
320 1916 481 1980 cognoverim,
492 1915 609 1980 intelligo,
624 1931 682 1966 mee
700 1916 797 1966 inscitie
813 1917 931 1968 conrciur.
967 1917 1141 1983 Rertetigitnr‚
1151 1937 1188 1970 me
1198 1919 1271 1968 irreter

174 1993 236 2044 reric
247 1994 299 2044 lm
309 2011 339 2044 er
349 1995 448 2047 eliorum
459 1996 565 2044 lontibus
575 1997 689 2054 beneieee¹
699 1997 740 2047 red
751 1997 835 2046 iterum
846 1999 877 2046 ob
888 1999 1013 2048 roditetern
1021 2014 1104 2060 rneem,
1111 2007 1135 2046 et
1142 2001 1270 2064 quomodo,

171 2082 201 2122 et
220 2090 236 2124 e
253 2076 340 2138 quiboe
351 2077 505 2140 perceperim,
520 2077 620 2125 oblitum
631 2093 691 2128 eree.
725 2077 797 2128 Prie.
820 2077 843 2126 0
854 2093 977 2142 merrom.
986 2079 1075 2142 optime
1089 2078 1178 2127 dirieti.
1195 2079 1272 2142 eqni-

177 2156 221 2204 ber
238 2157 303 2206 enim
322 2159 450 2221 eoceprrir,
469 2164 495 2208 et
508 2158 638 2221 quomodo,
649 2172 727 2220 neque
739 2159 812 2208 etiem
830 2159 850 2208 ei
862 2159 966 2222 jurare,
977 2159 1052 2210 dicer.
1084 2159 1119 2207 At
1128 2158 1186 2208 illed
1197 2159 1272 2222 dicer,

169 2237 240 2304 ¹qrrorl
255 2239 379 2300 profiterie.
389 2253 466 2288 mrem
474 2238 560 2286 bebere
570 2245 594 2288 te
606 2237 673 2304 plnre
684 2245 708 2286 et
715 2238 877 2302 praetentiore
885 2239 931 2296 bie,
941 2254 995 2302 qne
1005 2238 1102 2304 eLyrie
1111 2238 1198 2303 roripte
1209 2246 1272 2288 rent.

174 2316 250 2372 ,Quod
260 2317 282 2366 ri
292 2317 386 2373 leceris.
402 2318 433 2368 eb
442 2317 493 2366 irtlr
502 2317 637 2379 ebninenn'
647 2331 740 2368 enreetn
749 2317 793 2368 tibi
801 2317 912 2381 promitto
921 2319 948 2368 in
957 2317 1058 2382 Dolpbir
1068 2326 1169 2368 rtetuem
1180 2319 1272 2382 equili-

174 2397 251 2455 brem,
260 2400 326 2463 qnod
334 2413 419 2448 eorem
433 2399 551 2462 principer
566 2398 652 2456 nolent,
660 2414 708 2448 non
717 2413 792 2450 meem
799 2399 884 2458 eolurn.
892 2400 935 2450 red
945 2407 1009 2448 leem
1019 2399 1100 2457 etiem,
1109 2414 1205 2464 ponere.
1225 2398 1272 2449 So.

174 2478 343 2531 Amicireimne
358 2495 394 2537 er,
410 2487 435 2528 et
450 2495 529 2528 revere
545 2495 638 2536 eorem.
656 2496 672 2527 o
690 2480 798 2536 rendre,
815 2481 836 2530 ri
853 2497 892 2530 me
902 2481 981 2530 dicere
991 2486 1060 2544 poter
1068 2479 1164 2544 Lyriern
1174 2478 1271 2530 omnino

172 2558 329 2620 ,eberrerierm
346 2575 374 2608 ec
384 2575 452 2624 poree
472 2566 555 2623 preter
571 2559 623 2608 bec
633 2559 714 2610 omnir
729 2560 826 2610 meliore
840 2561 887 2610 elie
904 2561 961 2610 dici.
976 2561 1022 2608 boc
1031 2559 1094 2610 enim
1105 2574 1136 2608 ne
1144 2557 1271 2608 deterrimo
1285 2555 1291 2562 '

173 2637 275 2702 ,quidem
285 2639 393 2703 rcriptcri
403 2639 500 2688 erbitror
509 2640 611 2690 evenire.
647 2639 779 2704 Principio,
790 2648 905 2704 quentrrrn
915 2641 1001 2690 etdnet
1011 2640 1041 2688 ed
1052 2639 1088 2703 id,
1098 2639 1129 2688 de
1139 2654 1187 2702 qno
1196 2653 1271 2688 rermo

179 2717 285 2772 hebetur.
296 2729 398 2784 peteme
408 2719 520 2785 eliqnem,
536 2721 636 2785 prebere
645 2720 773 2776 nolentem,
782 2735 831 2768 oon
842 2719 931 2770 ementi
941 2720 1024 2784 megin,
1032 2733 1103 2782 qoem
1111 2718 1210 2781 ementi,
1220 2733 1272 2780 gre-

179 2798 316 2848 til'teeednm
326 2815 388 2858 eree.
398 2801 444 2850 oiri
454 2802 595 2864 probererit,
607 2817 656 2850 non
667 2809 784 2850 ementem
797 2802 937 2866 prodentem
948 2815 1008 2862 erre,
1016 2805 1133 2850 ementem
1145 2813 1199 2848 rere
1210 2795 1272 2848 inre·

173 2893 244 2936 ¹enm,
259 2889 288 2930 et
303 2881 370 2930 illom
381 2881 477 2946 quidem
488 2881 626 2942 laudaverit,
638 2881 712 2947 [iio]
731 2883 794 2932 bunc
805 2882 981 2946 vituperererit,
996 2895 1051 2946 qne
1068 2895 1125 2928 rene
1142 2877 1274 2930 necermrie

174 2969 244 3018 eunt,
254 2961 303 3012 elie
311 2962 400 3012 deinde
410 2977 464 3025 que
474 2961 541 3012 dicet
550 2963 701 3012 beelmeon?
734 2964 784 3012 Sed
793 2963 911 3020 erirtimo,
918 2963 969 3012 brec
981 2961 1037 3010 telle
1047 2960 1190 3010 dimittende
1197 2957 1273 3022 rcrip-

175 3041 269 3112 iorlbne
278 3050 305 3092 et
317 3043 471 3092 concedende
488 3049 558 3102 ennt3
576 3057 621 3106 nee
632 3043 792 3113 inreptionem
802 3045 896 3100 bomne,
905 3043 948 3092 red
957 3042 1147 3106 dieporitionem,
1157 3053 1209 3088 erre
1221 3037 1274 3088 len-

178 3121 292 3172 dertdern.
307 3131 334 3174 et
350 3123 461 3179 ittom,·
472 3139 527 3187 qne
544 3139 593 3172 non
610 3133 666 3174 runt
677 3124 815 3180 neoremir.
826 3132 852 3176 et
861 3123 987 3174 difficulter
998 3123 1153 3187 reperiuntur,
1163 3135 1211 3168 non
1223 3119 1272 3170 die·

179 3201 322 3264 peritiorem
332 3204 417 3260 rolnm.
434 3204 475 3256 ted
490 3204 651 3255 inventionem
661 3205 741 3269 etiem,
752 3205 893 3254 leudendem
904 3211 972 3268 poto.
995 3203 1067 3253 Pron.
1076 3201 1199 3257 Concedo.
1207 3200 1274 3263 quod

174 3281 224 3336 eir.
248 3283 400 3334 mediocriter
411 3285 473 3334 enim
484 3283 569 3338 dieiere
585 3285 680 3336 rideris·
696 3285 782 3336 ieciem
799 3283 871 3348 igitur
887 3292 913 3334 et
929 3285 975 3334 boc
991 3283 1043 3346 lpee
1058 3282 1140 3330 modo.
1156 3285 1273 3328 ementem

175 3361 253 3418 lecim.
266 3377 338 3426 qoem
348 3379 396 3414 non
411 3361 538 3422 ementem,
548 3366 623 3429 megir
633 3373 754 3430 egrotae,
764 3379 946 3430 prerepponere
957 3363 1002 3412 tibi
1013 3361 1154 3425 permittem.
1178 3358 1205 3406 in
1222 3357 1274 3407 elii·

178 3451 260 3494 utem
270 3443 290 3494 ri
300 3443 368 3506 plere
375 3451 401 3494 et
410 3446 580 3508 preetentiore,
591 3461 663 3510 qoem
673 3445 872 3509 Lyrier..direrir,
886 3443 957 3506 joele
967 3440 1112 3506 Cyprelltler
1123 3438 1147 3486 in
1158 3437 1276 3504 Olympie

173 3523 353 3578 ,munemita
376 3525 422 3576 So.
435 3525 502 3576 Serio
511 3524 537 3574 id
546 3525 643 3592 recipie,
654 3542 670 3574 o
680 3525 789 3586 Phene,
799 3523 863 3588 qnod
872 3524 945 3572 rlmm
957 3521 1001 3570 tibi
1011 3519 1188 3570 dilectieeimum
1197 3533 1275 3583 repre·

179 3601 266 3652 bentii.
281 3617 327 3666 ego
336 3619 388 3654 reeo
400 3613 478 3654 tecum
485 3605 601 3668 joceber:
617 3621 646 3656 ec
657 3621 694 3654 me
704 3611 773 3670 potu
784 3619 863 3654 rerem
874 3604 920 3654 boc
929 3617 1090 3668 eggreernrnm
1100 3617 1160 3664 erec,
1170 3609 1197 3650 ut
1206 3600 1273 3648 eliud

178 3681 296 3746 quidem
304 3673 387 3747 preter
395 3685 461 3736 illiue
470 3687 612 3749 repientiern
620 3685 698 3736 dimon
709 3686 822 3734 emelim.
857 3685 930 3736 Pnn.
951 3683 1005 3734 Hec
1017 3683 1052 3740 ,tle
1061 3699 1096 3746 re,
1115 3698 1131 3732 o
1146 3681 1230 3738 emiee,
1244 3679 1273 3738 in

178 3763 275 3814 medem
285 3779 355 3814 enter
365 3767 499 3828 pervemeti.
514 3767 642 3818 dicendum
653 3767 698 3818 tibi
707 3775 744 3817 ert
753 3766 860 3824 omnino.
868 3773 988 3832 utcunque
996 3765 1092 3830 poterit.
1123 3763 1188 3814 Cere
1202 3761 1275 3826 igiter

175 3857 212 3908 ‚ee
221 3845 347 3897 molentem
356 3846 416 3896 illod
428 3849 589 3898 comederem
598 3849 701 3913 eggreeei
714 3849 796 3906 eedem
808 3848 878 3897 nobie
893 3848 995 3898 vicieirn
1006 3843 1135 3910 rependere
1145 3839 1274 3905 compelle·

179 3939 240 3982 mu.
250 3941 312 3976 nere
319 3927 379 3978 illud
387 3943 424 3976 me
435 3929 514 3978 dicere
524 3946 611 3994 cogere
627 3931 653 3979 Si
663 3947 718 3994 ego,
734 3946 749 3978 o
759 3929 877 3992 Socretee,
887 3929 1005 3978 Sooretem
1018 3927 1111 3989 ignoro.
1123 3921 1169 3970 mei
1179 3935 1275 3984 quw

175 4003 255 4068 indo·
265 4006 354 4056 obliter
364 4023 432 4060 enm:
448 4019 474 4059 et
482 4011 600 4076 Copiebet
608 4013 714 4077 quidem,
725 4012 768 4060 red
778 4011 903 4060 rimolebet
913 4007 1012 4074 greveri.
1034 4006 1137 4054 Demrm
1146 4003 1179 4050 lte
1187 4000 1276 4062 cogite.

174 4097 228 4139 ,eon
236 4101 289 4144 erre
298 4103 344 4138 noe
351 4089 415 4152 prior
423 4091 528 4140 ebitnror
539 4094 603 4150 binc,
614 4109 685 4158 quem
695 4101 723 4142 tn
732 4092 827 4148 dicerit,
837 4107 892 4155 qne
901 4090 987 4140 bebere
998 4087 1078 4136 riebee
1088 4084 1115 4134 in
1123 4088 1218 4146 pectore
1226 4095 1275 4131 me·

175 4165 246 4222 diere.
279 4167 437 4220 Somneenim
448 4172 503 4228 eoli,
513 4179 538 4220 et
551 4173 650 4236 quidem
666 4175 694 4222 in
710 4173 848 4226 nolitodine.
866 4187 912 4234 ego
928 4177 1007 4220 entem
1015 4165 1106 4230 junior,
1117 4169 1142 4214 tl
1152 4161 1275 4210 minium·

175 4247 262 4301 hin
272 4250 382 4318 omribee
392 4251 507 4316 intellige.
517 4253 676 4316 qolddicemr
693 4269 738 4304 nec
745 4255 806 4302 relir
816 4259 913 4302 eoectne
920 4241 1275 4314 poeucqmnrpontolooui·

174 4327 223 4380 so.
238 4330 274 4380 At
283 4331 360 4395 enim,
376 4347 393 4382 o
401 4333 470 4382 berte
476 4332 586 4398 Pbedre,
596 4333 708 4384 ridienlne
717 4349 768 4390 em.
779 4333 863 4395 rilpre
873 4330 937 4380 mdir
947 4343 1002 4378 enm
1010 4325 1100 4391 optimo
1109 4325 1153 4376 illo
1163 4324 1276 4390 rcriptore

176 4410 336 4473 mmmmm,
351 4427 382 4462 eo
399 4413 433 4462 de
445 4415 514 4462 rebur
531 4413 621 4464 eirdem
638 4431 669 4464 er
679 4421 785 4478 tempore
801 4413 962 4476 dirpnterero.
988 4409 1061 4462 Perr-
1074 4406 1134 4465 Scir.
1150 4413 1180 4456 nt
1196 4421 1222 4456 ee
1239 4421 1275 4456 ree

173 4487 251 4544 notet
259 4490 275 4556 ι’,
295 4491 374 4548 ¹tttinet
382 4493 449 4548 ietec
457 4493 641 4566 ircimmecum.
655 4495 729 4549 ferme
737 4493 801 4546 enim
812 4491 901 4551 inveni,
913 4507 954 4557 per
965 4507 1018 4557 qne
1029 4498 1053 4542 te
1063 4487 1213 4553 compellem·
1230 4487 1274 4538 Str·
