3150 5316
158 549 229 626 me]
482 498 950 640 Ριιτοιιῖἒοοιιιινιυιι.
1198 539 1257 600 eoo

159 703 209 758 dio,
221 709 305 766 preater
317 700 351 756 id,
362 697 426 763 quod
443 696 553 761 pmdeaae
564 693 621 742 milri
638 694 662 742 id
679 703 770 758 putem,
781 692 878 743 mirifice
896 693 972 745 letor.
988 694 1097 758 quotlcna
1113 693 1192 744 autern
1208 709 1257 745 acr-

158 797 240 830 monea
251 769 310 828 aliua
319 779 402 835 audio,
414 786 502 826 reatroa
514 774 649 840 presertim,
660 774 702 837 qul
716 774 864 823 cumulandis
882 773 990 838 pecunila
1007 774 1105 823 studetia
1117 791 1217 840 semper,
1229 785 1255 824 ot

155 861 208 924 ipae
219 875 292 923 angor
302 869 327 908 et
339 860 408 907 nutri
421 858 538 920 mienrenr,
550 856 614 919 quod
634 854 726 903 efficere
741 854 831 920 aliquid
849 854 994 910 eriatimetia,
1005 871 1058 904 curn
1068 855 1126 903 nibil
1138 855 1252 904 ediciatla.

155 941 226 989 Forte
236 940 308 988 etiam
319 954 361 987 rna
372 955 409 986 mo
421 937 540 987 infelicem
551 935 649 999 putatia,
660 949 721 998 quoa
731 942 757 982 et
767 936 819 998 lpae
829 937 860 984 de
872 951 909 983 me
920 951 974 984 vera
983 943 1064 998 putare
1074 936 1188 984 arbitror:
1209 951 1255 999 ego

157 1028 236 1068 autern
247 1034 290 1066 roa
306 1034 354 1067 non
366 1027 424 1082 puto
435 1017 541 1081 quidem,
552 1016 595 1064 ned
613 1022 678 1064 certo
689 1007 752 1065 icio.
786 1014 832 1065 lle.
849 1015 956 1080 Semper,
967 1016 1121 1079 Apollodore,
1133 1031 1201 1080 reque
1213 1017 1255 1064 tibi

158 1099 204 1162 ipai
216 1105 241 1146 et
251 1098 302 1147 aliia
313 1097 425 1154 detrabia,
434 1113 463 1146 ac
471 1097 556 1144 viderie
568 1095 649 1158 procul
661 1094 735 1141 dubio
747 1103 770 1142 re
778 1095 875 1157 quidem
883 1095 999 1158 inprimis,
1008 1096 1095 1144 deinde
1103 1096 1162 1144 alioa
1174 1111 1256 1144 omnes

156 1189 241 1242 preter
251 1193 324 1226 unum
338 1179 458 1227 Socratem
478 1176 585 1225 inlclicea
605 1182 696 1238 putare.
714 1175 777 1222 unde
789 1189 842 1222 rem
855 1175 932 1224 ἰιιιιιιί
943 1191 1074 1238 cognomen
1091 1177 1134 1225 tibi
1150 1183 1255 1226 exortum

156 1259 195 1320 ait,
206 1259 295 1310 nereio.
311 1273 404 1322 acmper
422 1257 485 1310 eninr
503 1257 622 1321 loquendo
639 1263 664 1304 te
681 1265 706 1304 et
725 1255 786 1303 allon
796 1255 923 1319 improbar,
941 1257 1060 1305 Sncretm
1077 1273 1149 1305 unum
1161 1259 1254 1322 probae.

155 1339 243 1388 Aron.
259 1339 282 1387 0
293 1337 445 1388 dilectissime
456 1337 501 1398 eir,
509 1353 539 1386 ex
549 1352 579 1385 eo
590 1335 692 1385 inanire
708 1343 734 1394 et
743 1335 842 1384 delirare
854 1349 891 1384 me
901 1343 1003 1395 conant,
1019 1338 1084 1401 quod
1095 1338 1128 1386 ita
1137 1340 1168 1387 de
1179 1355 1217 1388 me
1226 1355 1256 1389 an

156 1419 224 1468 vobio
234 1419 373 1468 eaietimcm.
407 1417 455 1467 ln.
471 1417 510 1466 De
527 1418 565 1466 bia
581 1417 607 1466 in
623 1417 749 1481 praesentia
766 1417 919 1479 contendere,
931 1416 1088 1482 Apollodnrc‚
1105 1434 1255 1484 nequaqnam

155 1499 239 1547 dccet:
256 1500 298 1546 aed
310 1500 419 1564 precibne
430 1497 513 1547 noatria
524 1498 661 1562 obsequere,
673 1505 706 1554 et,
723 1497 764 1560 qul
783 1513 901 1546 aermonea
918 1497 954 1546 illi
964 1498 1060 1557 luerint,
1072 1500 1140 1548 noble
1150 1515 1253 1565 expone.

157 1580 243 1628 Aron.
259 1578 329 1626 'l‘alea
339 1579 419 1643 utique
430 1579 464 1626 illi
473 1578 574 1627 inerunt.
592 1578 663 1626 burno
674 1592 728 1625 vern
739 1576 890 1640 apriaoipio‚
901 1577 985 1625 eodem
1002 1579 1093 1636 ordine,
1103 1596 1151 1644 qen
1163 1580 1255 1630 Ariete-

155 1661 239 1708 demna
248 1658 336 1720 retulit,
354 1658 428 1724 [m]
447 1658 575 1722 roblaipne
587 1673 649 1707 nune
668 1672 788 1708 recensere
805 1658 916 1707 conabor.
948 1657 1032 1722 lnquit
1050 1661 1122 1717 enim,
1134 1663 1254 1712 Socratem

155 1740 283 1788 odendime
295 1747 320 1788 et
330 1740 404 1788 lotum
415 1749 440 1788 et
449 1739 535 1788 calceis
545 1739 617 1804 peden
628 1747 744 1794 emotum,
755 1754 809 1802 qun
826 1738 866 1786 ille
875 1737 933 1786 vrnro
952 1739 1085 1790 efficiebat:
1103 1757 1204 1807 eumque
1214 1743 1253 1792 iu·

156 1829 295 1884 terrogaaae,
303 1835 407 1885 quonam
419 1821 453 1868 ita
463 1830 559 1869 omarua
569 1820 698 1870 incederet.
713 1819 753 1868 cui
764 1819 911 1883 rerpondisae
924 1807 1052 1880 socratem,
1062 1821 1194 1886 Agatbonia
1205 1824 1250 1872 do·

155 1916 220 1950 luunt
239 1911 372 1951 comtum:
388 1903 519 1952 beatemam
531 1915 586 1949 uero
605 1915 696 1950 ennam
716 1898 809 1957 viram,
824 1899 888 1962 quod
908 1900 981 1947 turbe
1001 1909 1098 1966 propter
1118 1903 1252 1968 Apadronia
1284 1963 1285 1968 ¹

155 1982 257 2047 palrnam
267 1997 406 2032 corennum
417 1983 504 2031 reritua
515 1989 592 2031 earet:
611 1979 745 2045 promiaiaec
755 1987 845 2036 autern,
855 1982 963 2044 aequenti
974 1981 1014 2030 elie
1029 1997 1055 2030 aa
1071 1983 1207 2035 affuturum.
1223 2001 1252 2037 ee

154 2077 210 2112 nero
221 2063 253 2110 de
262 2077 334 2111 caum
344 2077 369 2110 ae
380 2077 484 2117 omnam,
497 2068 524 2110 nt
534 2060 632 2126 pulcher
641 2061 673 2108 ad
685 2060 808 2124 pulchrum
826 2061 878 2111 iret.
896 2060 1008 2125 quaeriue
1023 2063 1127 2127 inruper,
1140 2066 1251 2122 Quonam

154 2149 225 2206 pacto
237 2151 272 2198 tu,
283 2141 441 2198 An‘atoderne,
452 2141 482 2188 ad
493 2155 587 2190 ennam
599 2139 752 2204 pmdoieceria
770 2142 942 2190 nonrocatual
974 2143 1036 2193 Aer.
1054 2145 1089 2194 Ut
1106 2151 1131 2192 tn
1146 2145 1252 2209 juencrle.

154 2225 197 2274 So.
215 2223 317 2286 Sequere
329 2237 375 2280 uae,
385 2231 413 2270 ut
431 2221 580 2287 proverbium
596 2221 799 2284 tranagrediamur,
810 2221 869 2270 illud
888 2222 914 2271 in
931 2224 994 2272 bunc
1014 2226 1109 2274 modurn
1126 2233 1254 2284 mutantee,

154 2306 219 2369 qood
231 2307 261 2354 ad
269 2307 386 2354 bonorum
397 2305 520 2354 bominum
530 2318 609 2352 crenaa
621 2303 676 2352 beni
687 2303 793 2352 hominen
804 2304 875 2352 etiarn
887 2321 935 2353 non
953 2306 1045 2356 invitati
1065 2308 1252 2370 proficiscuntur.

155 2385 272 2434 llomcrua
283 2386 380 2451 quidem
391 2385 485 2434 ridetur
495 2399 544 2432 non
556 2384 627 2432 modo
638 2398 686 2431 non
697 2385 827 2440 chaeream,
838 2385 879 2434 aed
891 2391 917 2433 ct
927 2385 1012 2434 violare
1024 2389 1181 2450 proverbium.
1198 2405 1252 2438 nam

155 2481 210 2515 curn
221 2465 425 2530 Agamemnonem
445 2465 469 2512 ln
481 2481 506 2514 re
522 2464 615 2512 militari
631 2473 749 2512 atrenuuna
762 2464 835 2512 airum
850 2465 964 2524 tinniant,
975 2467 1112 2516 Menelaum
1122 2484 1178 2518 aero
1195 2471 1255 2519 mol·

154 2546 219 2596 lernr
236 2548 371 2596 convivium
382 2546 518 2594 celebrante
530 2553 584 2608 poet
594 2543 732 2592 eaeritioium
740 2543 928 2607 Agamemnone,
941 2546 1078 2596 lllenelaom
1090 2549 1182 2598 induxit
1192 2551 1253 2600 ultro

155 2629 185 2675 ad
198 2641 302 2676 menum
313 2625 500 2691 Agamemnonio
511 2625 654 2674 venientem.
671 2625 712 2672 ubi
722 2625 860 2674 deteriorem
872 2625 902 2674 ad
919 2629 1084 2691 prestantioris
1096 2629 1139 2678 riri
1149 2645 1252 2680 mensem

154 2723 204 2754 nnn
215 2707 350 2756 mceadtnm
361 2707 440 2756 venire
451 2707 517 2756 molt.
550 2706 614 2754 Αιι.
631 2703 700 2755 Fnrte
711 2707 806 2770 ctipee,
818 2723 833 2754 o
851 2708 968 2770 Socraten,
979 2723 1026 2758 non
1047 2709 1108 2767 talia,
1121 2713 1215 2775 qualem
1227 2721 1253 2761 tn

154 2785 297 2850 inquia,eed
314 2789 512 2852 quemadmodum
529 2786 627 2836 induxit
643 2787 769 2844 Homerus,
781 2787 834 2836 eilia
853 2789 1009 2838 homunculua
1026 2791 1055 2838 ad
1075 2791 1189 2856 snpientia
1211 2793 1256 2842 riri

154 2865 289 2916 convivium
300 2867 360 2916 nltro
372 2867 451 2916 venire
462 2867 568 2916 videbor.
602 2867 662 2916 Cum
673 2881 728 2931 ergo
741 2883 778 2916 me
789 2869 871 2925 ducas,
883 2869 946 2928 ride,
954 2869 1025 2934 q'uam
1032 2872 1148 2921 adventur
1161 2873 1206 2922 orci
1217 2887 1254 2921 ra·

154 2947 244 2996 tionem
255 2945 368 3011 aaaignea.
384 2963 430 3012 eqo
447 2947 510 2996 enlm
527 2963 565 2996 me
583 2955 667 3010 aponte
678 2948 757 2996 venire
773 2963 821 2996 non
838 2949 977 3008 confitebor,
989 2953 1029 3000 aed
1042 2953 1083 3000 rba
1094 2959 1118 3001 te
1128 2953 1254 3002 inritatum

155 3028 243 3078 dicam.
275 3027 318 3078 So.
336 3027 364 3076 In
376 3028 428 3093 ipen
439 3028 533 3089 itinere,
543 3029 601 3092 qnid
612 3027 698 3078 dicturi
709 3029 789 3085 timue,
800 3029 1103 3083 inrioemconanltabimna.
1122 3035 1163 3082 ned
1172 3050 1255 3083 camna

153 3107 212 3171 jam.
246 3109 293 3158 Hie
303 3109 373 3159 dicein
382 3109 462 3174 inquit
473 3109 639 3158 Arlatodemua
649 3107 682 3157 ire
692 3109 808 3172 crepiaae:
825 3118 850 3158 et
860 3110 981 3160 Socratem
992 3113 1175 3176 eogitrbundnm
1187 3115 1252 3164 lento

157 3187 226 3238 nimia
238 3205 307 3252 paaao
318 3189 462 3252 gradieurem
474 3196 621 3252 exapectaaae
632 3187 728 3252 erepina,
741 3189 835 3237 tandem
853 3190 951 3253 juaalaae
967 3192 1097 3254 Socratem,
1108 3201 1134 3240 nt
1151 3196 1254 3258 prcirct.

155 3266 216 3316 Cum
228 3284 283 3317 vero
294 3269 384 3319 redibua
395 3270 527 3333 Agatlmola
539 3269 747 3332 appropinquaret,
756 3278 861 3332 apertam
869 3270 967 3333 januam
986 3271 1111 3330 inreuiaae,
1122 3281 1148 3323 et
1162 3275 1252 3340 aliqnid

156 3348 189 3396 ibi
200 3348 327 3412 contigisse
339 3350 471 3398 ridiculum.
488 3349 566 3414 inquit
576 3349 650 3411 enirn,
661 3349 725 3412 qnod
738 3349 762 3396 in
771 3349 822 3412 ipro
834 3350 916 3399 limine
926 3351 1027 3400 lomnlna
1038 3353 1135 3416 quidam
1143 3354 1255 3404 intrinee-

154 3421 199 3476 ou'a
209 3443 333 3477 occurrent
343 3429 413 3485 intro,
424 3428 465 3477 ubi
476 3430 647 3478 accumbebant
657 3428 706 3484 alii,
715 3427 792 3492 iprum
803 3427 879 3486 duait,
890 3443 950 3493 quoa
957 3430 1007 3494 janu
1015 3440 1146 3481 onnatnroa
1158 3435 1253 3499 reperit.

155 3507 267 3572 Eumque
287 3517 313 3556 ut
327 3508 387 3557 vidit
403 3508 526 3572 Agathou,
546 3507 568 3557 0
588 3508 752 3565 Ariatodeme,¹
765 3511 806 3566 ait,
822 3517 955 3574 opportune
973 3511 1067 3570 renietl,
1087 3521 1113 3560 ot
1131 3515 1254 3566 nobiscnm
1338 3545 1340 3552 ν

155 3604 244 3640 crana.
259 3587 345 3638 rivere
353 3589 418 3638 aliud
429 3589 555 3654 quicquam
567 3587 610 3645 ria,
621 3589 645 3636 in
662 3588 727 3637 aliud
744 3596 838 3651 tompua
852 3590 957 3642 differre.
973 3591 1083 3656 equidem
1094 3593 1143 3642 beri
1152 3601 1176 3642 te
1187 3609 1254 3659 qun·

155 3687 218 3727 reae,
234 3669 373 3720 inriurturua
390 3677 423 3728 tn,
434 3683 550 3736 nuaqoeru
561 3669 619 3720 ridi.
653 3669 701 3718 Sed
721 3685 763 3718 cur
778 3670 897 3719 Socratem
913 3672 944 3719 ad
960 3687 1063 3720 noanon
1081 3673 1168 3724 ducirl
1202 3673 1255 3740 Ego

155 3753 262 3817 quidem,
273 3751 350 3816 inquit
362 3752 532 3808 eriamdemna,
542 3758 603 3798 retro
614 3765 751 3808 conrerana,
762 3766 876 3815 nunquam
885 3751 942 3810 ridi,
949 3753 1108 3820 reapondiqne
1117 3754 1254 3821 Agathocle

155 3833 335 3896 liquidmcum
347 3832 390 3882 illn
400 3833 462 3891 veni,
472 3833 504 3881 ab
521 3847 550 3880 eo
561 3840 659 3880 vocatur
680 3831 726 3880 bue
741 3833 771 3880 ad
791 3847 890 3883 cranam.
924 3833 994 3884 lina.
1012 3833 1090 3885 Recte
1100 3835 1194 3886 leciatl:
1211 3838 1254 3886 aed

159 3913 254 3962 ubinam
265 3913 389 3963 Socraten?
423 3913 488 3964 Arar.
504 3912 564 3961 Poat
575 3928 613 3962 mc
624 3913 695 3960 modo
713 3912 787 3977 [175]
807 3913 879 3978 paulo
890 3921 946 3964 ante
962 3917 1099 3966 accedebat.
1119 3933 1191 3982 qnare
1202 3919 1255 3983 ipae

157 4007 252 4058 quoque
263 3995 373 4051 admiror,
383 4001 409 4042 ct
420 3994 459 4041 ubi
470 3992 502 4042 ait
510 3991 601 4042 nereio.
632 3993 701 4042 Διι.
719 3994 805 4050 Qnrera
815 3995 946 4058 Socratem,
961 4012 1028 4061 puer,
1044 4005 1070 4046 et
1085 3997 1115 4045 ad
1125 4013 1168 4045 noa
1178 3997 1252 4045 intro·

157 4073 240 4122 dueaa.
256 4080 281 4120 tu
291 4081 380 4136 numm,
391 4073 551 4131 Ariatodeme,
564 4073 634 4138 juata
651 4073 835 4139 Eryainracbum
851 4077 972 4128 accumbe.
1006 4077 1073 4127 liena
1084 4085 1119 4134 tn,
1130 4078 1187 4125 dato
1197 4076 1254 4124 bulo

158 4152 265 4204 manino·
276 4167 370 4217 quam,
380 4153 464 4216 etjam
475 4155 565 4204 redeat.
598 4154 668 4204 Tunc
678 4154 808 4224 ingreaannr
820 4170 917 4219 puerum
928 4157 1047 4221 quendam
1058 4157 1178 4206 nentiaaae
1188 4155 1255 4205 dice·

157 4235 199 4282 bat
208 4229 380 4291 Arirtodemna,
392 4233 511 4286 Socratem
522 4234 599 4300 iprum
609 4236 633 4283 in
645 4235 786 4284 vestibulum
797 4236 928 4298 proximum
938 4237 1073 4293 marinae,
1082 4245 1108 4284 et
1118 4235 1252 4285 arcessitum

158 4311 251 4378 ingredi
270 4311 343 4361 nolle.
374 4310 595 4364 numennumen
613 4315 727 4380 quiddam
744 4329 832 4364 name.
852 4331 911 4364 voca
932 4316 1027 4378 iterum,
1045 4329 1122 4378 neque
1130 4315 1256 4380 ,dimittam

158 4407 281 4457 quousque
292 4393 390 4444 venerit.
422 4395 486 4446 dnr.
502 4395 559 4446 Non
571 4397 617 4455 aio,
628 4411 643 4444 o
655 4394 777 4460 Agathou,
789 4395 830 4442 red
849 4393 934 4444 mittite
944 4395 1020 4445 illuru.
1037 4410 1087 4443 moa
1097 4395 1160 4444 enim
1172 4397 1254 4448 Socra·

159 4473 188 4522 tia
198 4472 260 4522 iate:
278 4488 448 4540 nonnunquam
458 4475 582 4535 deaiatonr,
594 4475 730 4539 ubieunque
741 4475 838 4532 accidit,
852 4476 978 4524 comittem
994 4475 1063 4524 nolet.
1080 4476 1160 4526 reniet
1176 4487 1254 4528 autern

157 4551 215 4610 cito,
225 4561 252 4602 nt
260 4554 366 4608 arbitror.
383 4571 414 4606 ne
425 4557 523 4608 turbetia
535 4557 620 4622 iprum,
632 4558 728 4608 aedano
740 4555 851 4606 arbitratu
864 4555 941 4606 uenire
954 4557 1090 4624 permittite.
1123 4558 1191 4613 don.
1207 4559 1254 4619 Ita,
