3144 5310
345 519 406 580 roe
800 509 1002 574 rurrorrrs
1367 513 1436 590 [uu

341 669 440 736 plieere.
472 667 590 726 Quorrrrru
599 665 670 717 lime?
686 679 773 730 aempe
783 663 954 721 aelmadrarte.
966 679 1002 712 me
1013 669 1085 728 atque
1103 671 1127 712 re
1140 677 1204 714 auae
1214 662 1279 712 lrierrr
1290 661 1360 727 pall:
1377 676 1439 712 eura·

344 767 392 818 que
401 752 450 800 due
460 749 541 806 ulmea,
551 749 600 797 duo
610 746 719 810 quedem
736 759 823 794 amare.
855 743 917 793 Nam
929 759 974 807 epu
991 742 1164 808 philuaoplriam
1173 759 1245 792 amur
1261 751 1288 792 tu
1298 757 1356 792 rere
1366 757 1439 807 popa·

343 831 392 882 lum
400 829 578 879 Aueniensem.
611 826 694 876 Sentio
712 825 803 890 itaque.
823 824 844 872 ei
862 824 887 874 ia
906 825 1023 874 euaeiuue
1045 825 1087 874 tibi
1106 825 1210 888 pupulua
1228 823 1440 878 eouuadiaeriuta

343 910 496 960 euaeuurirae
507 915 596 958 mutare
606 905 756 962 oerruutiam,
768 913 840 970 atque
850 919 879 954 ea
890 905 968 955 (liuere
979 921 1032 972 que
1043 905 1077 954 illi
1088 905 1182 970 plaeere
1199 903 1328 968 intelligas.
1338 919 1384 954 aee
1394 903 1440 952 alla

342 990 415 1038 morlo
424 1003 495 1053 poaae
505 984 680 1048 volantatiejrra
690 986 810 1034 ebriatere.
842 984 1001 1041 Quamobrem
1012 985 1031 1032 al
1041 984 1095 1049 quir
1106 984 1156 1047 illa,
1166 999 1220 1050 qu·
1232 991 1258 1030 tu
1270 981 1346 1047 gratie
1360 981 1442 1046 pupuli

342 1069 413 1126 dieta.
432 1068 568 1123 admiratur,
586 1066 689 1114 abruma
705 1079 758 1114 erae
777 1064 901 1128 obiecerit,
919 1065 1074 1128 respondebia
1092 1065 1199 1121 tonitru.
1218 1064 1290 1112 medo
1301 1076 1357 1111 rera
1375 1061 1442 1112 lateri

342 1147 411 1206 velia,
420 1148 466 1196 ariri
477 1149 496 1196 ir
506 1162 577 1211 quem
589 1154 614 1193 tu
625 1158 697 1200 amar,
716 1143 790 1208 [48²]
809 1144 910 1208 pepulur
922 1151 996 1192 mutet
1006 1143 1157 1206 autentim,
1167 1159 1212 1192 neu
1228 1157 1335 1206 uuquam
1355 1149 1380 1189 te
1391 1157 1442 1189 mu·

344 1235 455 1279 laturum.
488 1227 556 1276 idem
567 1225 610 1276 tibi
621 1225 681 1274 lurte
690 1224 839 1289 euntiegeret
848 1239 904 1290 erga
916 1225 1031 1289 privatum
1042 1225 1170 1288 quendam.
1181 1223 1281 1288 aiquem
1292 1223 1442 1271 vehementer

345 1323 442 1360 amarer.
475 1308 595 1356 Arbitrare
616 1305 696 1370 igitur,
714 1305 771 1354 talia
788 1321 804 1354 a
822 1321 860 1354 me
875 1307 984 1369 quadam
1008 1313 1031 1354 te
1048 1304 1145 1364 audire5
1163 1319 1208 1352 aee
1230 1303 1289 1351 talia
1304 1317 1344 1350 me
1364 1301 1443 1350 rlieere

343 1388 476 1436 admireria:
493 1387 534 1437 reri
549 1389 581 1436 rla
595 1393 738 1450 operam‚ut
752 1385 905 1450 philuauphia
923 1400 994 1449 quam
1012 1400 1074 1442 amo,
1091 1386 1142 1434 heu
1153 1383 1215 1432 relle
1233 1383 1344 1432 deeiatat.
1377 1381 1443 1430 Dirit

341 1467 405 1518 enim
416 1468 465 1528 ilia.
476 1484 491 1518 ο
502 1466 578 1517 dulci·
588 1467 672 1524 amice.
683 1481 775 1530 aemper
785 1481 840 1530 que
854 1482 868 1515 a
884 1481 922 1515 me
941 1465 1018 1515 audie.
1034 1474 1061 1514 et
1074 1465 1094 1514 ri
1112 1463 1262 1514 familiarium
1273 1463 1375 1526 quidam
1384 1461 1441 1510 al'nr

342 1547 401 1596 milri
412 1549 515 1613 loquitur
524 1547 609 1606 aliter;
626 1545 776 1610 philuarrplrla
788 1553 867 1594 tamen
878 1559 970 1609 temper
980 1545 1072 1595 eadem.
1094 1543 1154 1592 dicit
1163 1551 1241 1594 autem
1260 1559 1315 1608 qum
1333 1551 1360 1592 tu
1378 1556 1440 1590 uuae

340 1629 475 1677 admirarie:
492 1628 563 1676 merle
581 1625 645 1675 euim
661 1639 764 1689 prmaerra
781 1625 877 1674 audieti.
910 1624 964 1673 Aut
981 1641 1037 1690 erge
1056 1623 1206 1688 illaru‚qued
1225 1639 1306 1688 uupm
1322 1621 1440 1683 dicebam,

342 1710 464 1772 redargue,
475 1715 546 1770 elque
557 1705 665 1761 oriende.
675 1703 784 1767 iujuriam
795 1704 871 1753 laeere
882 1719 927 1754 rree
945 1706 1001 1754 dare
1013 1719 1094 1769 pmrraa
1105 1719 1153 1753 auu
1164 1711 1295 1754 extremum
1304 1717 1360 1752 eaae
1370 1701 1441 1750 malu-

342 1805 411 1838 rum:
428 1787 509 1852 augei
524 1787 570 1836 lroe
585 1793 647 1834 utare
663 1781 729 1848 alpii,
748 1784 852 1848 predico
871 1785 923 1842 tibi,
940 1800 956 1833 ο
972 1782 1092 1840 Calliclea.
1111 1799 1251 1848 pereanem
1269 1783 1440 1847 AEgypum

342 1869 423 1925 eleum,
433 1881 554 1931 uunquam
566 1873 589 1914 te
601 1863 695 1914 Callicli
706 1863 933 1921 premeremur!
952 1865 977 1912 iu
996 1865 1061 1913 omui
1076 1865 1125 1914 vita
1135 1870 1332 1930 repugnaturum.
1366 1861 1441 1926 Atqui

341 1963 395 2012 epu,
406 1965 422 1997 e
433 1949 468 1996 rie
477 1947 576 2011 optime,
588 1952 696 2009 preatare
703 1943 797 2008 judicu,
810 1952 837 1992 ut
856 1944 909 2009 lyra
926 1945 982 2000 mihi
1002 1945 1121 1995 diauurdet
1138 1953 1165 1994 et
1181 1945 1297 2000 durent,
1307 1945 1442 2005 morerque

340 2043 411 2093 quem
422 2028 517 2084 dream,
527 2041 556 2074 ae
566 2025 634 2074 multi
643 2033 756 2088 praterea
770 2025 877 2074 homiuea
894 2025 1065 2080 eeutradieaut.
1077 2039 1148 2088 quam
1166 2033 1194 2074 ut
1203 2041 1248 2088 ego
1260 2039 1321 2072 uana
1332 2021 1443 2070 mihimet

339 2107 460 2157 <lituum
471 2113 542 2171 atque
551 2120 690 2170 repugnem.
722 2105 789 2154 Car..
806 2105 957 2162 OSoeratea,
969 2105 1062 2155 ridetur
1072 2109 1123 2155 hee
1141 2113 1183 2154 tua
1199 2105 1312 2169 jureuilia
1326 2104 1440 2168 quaedam

339 2185 366 2234 ia
376 2185 519 2251 diaputuurlu
526 2184 653 2248 jactantia.
663 2199 691 2233 ae
709 2199 788 2232 revera
799 2185 900 2248 vulgaris
917 2185 1014 2250 quidam
1031 2201 1131 2250 apparea
1147 2185 1312 2235 eoueiumaterr
1328 2194 1355 2232 et
1372 2199 1439 2234 uuae

340 2265 438 2331 quidem
448 2267 473 2316 ia
483 2265 520 2313 irie
530 2263 676 2314 munionem
686 2279 693 2324 ς
709 2278 763 2312 eum
773 2263 836 2312 idem
848 2263 908 2312 Pelo
920 2265 1033 2322 creuerit,
1047 2266 1112 2329 qued
1129 2266 1237 2334 eremitae
1247 2264 1353 2328 Gorgia,
1364 2265 1440 2328 pauiu

341 2353 397 2394 aute
407 2360 463 2407 erga
472 2353 496 2394 te
507 2343 641 2392 accurabat.
657 2357 712 2390 nam
723 2341 836 2406 Gorgiam
849 2344 953 2408 quodam
973 2346 998 2392 ie
1010 2345 1064 2394 loeo
1074 2360 1091 2392 a
1101 2353 1125 2394 te
1136 2345 1313 2409 interrogatum,
1323 2345 1344 2392 ai
1356 2359 1440 2410 perge·

341 2425 418 2472 retad
429 2423 507 2487 ipa'um
525 2421 612 2486 aliquir
628 2419 766 2470 rhetoricam
783 2429 945 2486 pereepturua,
956 2424 998 2472 aeri
1007 2423 1069 2486 juria
1088 2423 1190 2486 iuuatur.
1200 2439 1232 2472 ae
1246 2423 1316 2472 illum
1336 2425 1442 2488 deerret,

340 2505 425 2554 rubore
439 2503 578 2560 adiuuem,
595 2501 674 2566 iuquit
691 2501 774 2560 Peleu,
793 2503 944 2552 affirmariaae
963 2503 1029 2552 illum
1046 2520 1072 2552 ae
1088 2519 1139 2553 eree
1155 2505 1299 2554 decureum:
1316 2503 1392 2568 irlqua
1410 2506 1440 2552 ub

340 2583 405 2648 lprue
415 2583 535 2632 huminum
545 2597 630 2639 merea,
640 2580 683 2646 qui
701 2583 802 2646 praviter
818 2583 914 2644 serrem,
924 2583 944 2633 ai
954 2584 1008 2648 quir
1020 2583 1076 2634 talia
1088 2584 1299 2636 euaeurrrederet.
1315 2585 1349 2634 ob
1360 2584 1441 2648 lrejrra·

340 2664 406 2714 raorli
419 2663 506 2712 deiude
516 2663 692 2712 eoermiouem
703 2671 811 2713 uoertum
830 2677 881 2712 eaee
897 2663 1010 2728 Gorgiam
1028 2663 1302 2714 aibimeteerrtradieere.
1317 2672 1345 2713 et
1356 2674 1380 2713 te
1390 2665 1442 2728 qul·

340 2743 394 2793 rlem
401 2743 468 2807 jueta
477 2749 535 2792 turre
545 2741 696 2805 meujuriieiu
707 2741 786 2799 lrriait,
796 2743 860 2808 quud
872 2743 1008 2806 hujurmurli
1020 2745 1121 2810 ineptiae
1129 2745 1267 2812 aqueum.
1304 2743 1378 2794 Nurac
1387 2759 1440 2794 rere

338 2837 418 2872 aurare
428 2822 489 2871 Pelo
499 2822 581 2871 eadem
592 2830 740 2872 eveneruetz
757 2831 828 2888 atque
839 2839 885 2888 ego
896 2824 983 2874 Polum
999 2824 1024 2873 iu
1044 2827 1090 2876 lrou
1106 2825 1204 2874 minime
1222 2826 1309 2890 prebe,
1319 2826 1387 2890 quari
1397 2825 1441 2874 liii

338 2901 490 2964 emeruerit,
509 2901 618 2964 injuriam
629 2901 720 2966 turpiua
730 2917 782 2951 eaae
793 2902 870 2952 iacere
880 2919 952 2968 quam
962 2903 1021 2968 pati.
1038 2906 1070 2953 eb
1089 2919 1161 2968 quam
1171 2905 1354 2956 mendene·
1366 2907 1440 2969 impe·

339 2983 429 3032 rlituaa
443 2990 475 3038 te.
484 2996 538 3046 que
552 2981 705 3045 cogitaverat.
724 2981 842 3045 explicare
860 2997 908 3030 nou
924 2983 1013 3048 putuit.
1044 2984 1081 3032 Tu
1094 2999 1148 3032 reru
1159 2999 1248 3042 revera,
1259 3001 1275 3032 e
1286 2984 1440 3042 Sarranum

338 3063 460 3127 aerupuler
470 3061 666 3125 euueimralraque
684 3061 834 3112 difficultatea
851 3063 975 3138 rudipater
991 3063 1099 3121 ariduria.
1116 3064 1174 3112 rlum
1185 3065 1310 3114 veritatem
1329 3066 1399 3130 aequi
1416 3073 1441 3114 ta

338 3142 462 3205 pruitmia.
478 3141 548 3190 affara
558 3141 640 3205 utique
650 3139 675 3190 irr
687 3143 791 3190 merlium
804 3158 858 3206 que
867 3151 950 3192 natura
960 3144 1057 3207 quidem
1068 3145 1167 3208 pulchra
1179 3159 1228 3194 uua
1240 3152 1306 3208 mut,
1315 3146 1360 3194 aed
1378 3145 1440 3208 lege.

336 3220 478 3284 Plerumque
488 3221 648 3277 reroaeridit,
659 3229 686 3269 ut
696 3221 811 3270 centraria
823 3221 871 3270 aiut
881 3224 942 3272 luter
952 3240 978 3274 ae
989 3224 1027 3274 lea
1038 3233 1111 3290 atque
1129 3231 1222 3276 aratura.
1254 3225 1279 3274 Si
1296 3224 1353 3287 qui·
1364 3224 1438 3292 ipitrrr

336 3301 460 3350 mubmcat
468 3315 547 3364 ueque
557 3301 705 3366 audeatque
722 3301 798 3365 [tei]
813 3302 862 3350 rint
872 3303 1012 3367 exprimere,
1022 3305 1139 3352 centurie
1147 3304 1243 3354 aibimet
1252 3303 1317 3352 lateri
1329 3302 1444 3366 eempeiff

337 3378 402 3442 liter,
413 3387 504 3430 terrere
515 3381 539 3428 id
550 3380 650 3430 aetutirra
660 3382 855 3438 animadvertere,
867 3383 984 3432 luridiarir
995 3384 1022 3432 iu
1033 3383 1118 3434 verbis.
1151 3383 1178 3434 Si
1197 3384 1251 3450 quir
1267 3382 1332 3432 enim
1350 3395 1439 3432 aeeuu·

336 3456 393 3506 dum
405 3459 480 3522 legem
489 3460 607 3523 loquatur.
618 3467 643 3508 tu
654 3461 769 3524 deieeupa
779 3462 908 3510 aeeuuduru
925 3469 1031 3510 naturam
1053 3463 1191 3526 interrupi.
1207 3463 1228 3512 ai
1239 3478 1294 3512 reru
1305 3462 1440 3512 murium

337 3544 444 3585 naturam
457 3537 506 3596 ille,
516 3539 568 3600 ipre
580 3541 709 3588 nundum
727 3541 821 3603 legem:
838 3542 1037 3606 quemadmodum
1056 3543 1088 3592 de
1108 3542 1231 3592 inserenda
1241 3541 1280 3592 rel
1299 3542 1441 3592 aueu'uearla

339 3613 427 3677 injuria
436 3615 507 3663 morlo
517 3617 602 3666 sceleti.
636 3618 697 3667 Cum
707 3613 770 3668 euim
787 3620 861 3670 Pulue
877 3622 1007 3670 aeeuurlum
1018 3622 1094 3686 legem
1106 3622 1192 3672 iuierre
1204 3623 1298 3687 turpiua
1308 3637 1363 3671 eaae
1374 3621 1439 3672 diue·

339 3700 384 3748 ret,
394 3693 447 3756 lp„
458 3693 532 3756 legem
543 3709 569 3744 ea
579 3704 724 3758 persecutus.
756 3697 848 3750 Natura
858 3702 920 3752 euim
931 3701 1048 3767 quidquid
1067 3701 1136 3766 pejua
1153 3710 1199 3759 eat.
1209 3703 1273 3752 irlem
1292 3710 1319 3750 et
1337 3701 1440 3766 turpia,

339 3770 410 3836 quale
420 3779 458 3820 eet
474 3770 583 3834 iujuriam
603 3775 669 3837 pati:
688 3775 740 3840 lege
757 3793 819 3835 reru.
838 3781 930 3830 ielerre.
947 3795 995 3832 eurr
1009 3783 1073 3832 euim
1085 3782 1127 3830 riri
1143 3791 1181 3831 eat
1198 3781 1299 3846 injuriae
1319 3782 1384 3846 pati.
1399 3782 1441 3830 aed

338 3850 450 3914 maauipii
466 3851 599 3915 eujusdam.
612 3853 656 3906 ‚rui
675 3853 758 3904 melier
774 3865 837 3906 eaeet
853 3869 969 3908 mertuum
988 3876 1040 3910 erae
1056 3876 1128 3924 quam
1140 3861 1237 3928 rirerer
1254 3861 1322 3926 quud
1334 3861 1443 3926 quidem.

338 3931 488 3980 euatumeliie
498 3931 637 3996 iujuriieque
649 3933 770 3998 affectum,
787 3951 866 4001 aeque
884 3939 930 3988 ribi
941 3955 1020 4004 aeque
1030 3940 1080 3988 arrie
1091 3947 1171 4004 puteat
1180 3941 1303 4004 opitulari.
1340 3942 1441 3999 Verum,

335 4013 363 4054 ut
372 4022 418 4072 ege
428 4010 534 4068 arbitror,
543 4013 585 4075 qul
603 4012 667 4076 leger
677 4016 793 4073 condunt.
804 4017 969 4088 imbecillium
980 4029 1037 4068 ruet
1047 4019 1136 4083 plurea.
1169 4019 1256 4084 ltaque
1268 4021 1372 4072 utilitati
1383 4037 1442 4072 eue-

336 4085 439 4136 aalerrtea
450 4103 499 4136 aue
510 4090 573 4154 leger
585 4093 741 4143 conutituuut.
757 4105 870 4159 preterea
880 4097 962 4148 laudea
974 4100 1207 4164 vituperatiuaeaque
1218 4101 1365 4168 diapuuurrt‚
1375 4109 1441 4154 metu

334 4165 491 4224 ll⁰leutiurum
502 4169 607 4227 adducti.
620 4187 650 4220 uu
667 4189 715 4236 qua
733 4174 758 4222 lu
770 4191 794 4224 re
805 4178 918 4228 excedere
933 4180 1087 4242 euapuaeiut.
1106 4179 1190 4244 itaque
1200 4181 1270 4230 aiunt
1281 4189 1353 4245 turpe
1364 4182 1441 4246 iujur-
1525 4193 1529 4198 ·

336 4247 432 4328 legeque
443 4247 551 4298 eaaealiia
562 4249 617 4314 plur
628 4252 712 4302 habere
723 4271 730 4314 ς
747 4255 818 4319 idque
830 4257 949 4307 deliniunt
958 4258 1070 4323 iujuriam
1080 4259 1168 4318 lacere,
1178 4260 1233 4324 plur
1244 4261 1362 4312 videlicet
1370 4277 1443 4327 quam

336 4315 376 4364 alu
387 4327 413 4366 ut
422 4322 517 4389 habear,
525 4341 637 4390 quaerere.
652 4333 709 4380 tatia
719 4334 783 4383 euim
794 4335 839 4384 eibi
846 4337 935 4388 laetum
943 4347 1038 4403 putant,
1048 4340 1069 4388 ai
1078 4355 1134 4390 euru
1146 4340 1268 4390 inleriurea
1276 4341 1336 4398 siet,
1347 4355 1443 4406 equam

334 4394 438 4484 hiim
457 4404 594 4460 portionem.
628 4409 667 4458 Ob
686 4413 747 4461 lrarrr
765 4414 837 4478 igitur
856 4418 969 4468 rationem
983 4419 1036 4483 lege
1047 4421 1146 4484 quidem
1157 4421 1182 4470 id
1193 4420 1310 4484 injuntum
1322 4429 1445 4486 turpeque

336 4471 430 4532 ‘imile
447 4491 548 4540 ‘imre
559 4493 587 4534 ul
595 4487 681 4538 habrae
693 4491 745 4554 plur
756 4511 827 4558 quarn
837 4500 908 4548 ueteri
919 4517 925 4548 r
937 4507 1014 4564 atque
1023 4501 1086 4552 lraue
1098 4501 1169 4566 vulgo
1181 4499 1294 4564 iujuriam
1305 4503 1445 4554 aremiaaat.
