3144 5310
316 511 378 578 rur
765 505 964 568 rurrours
1343 509 1423 588 [rso

319 667 496 732 ambiguitatem
508 667 604 716 imiuoo.
622 667 667 716 boc
678 664 783 714 audisti?
815 667 882 716 Tua.
898 663 927 712 id
940 679 1040 730 prorsus.
1074 665 1116 716 So·
1133 665 1179 714 Vis
1189 665 1233 714 tibi
1244 679 1340 716 auram
1351 665 1425 730 hujus

316 749 451 814 assignem?
483 751 550 802 Tur.
567 747 659 808 Quidni
680 746 762 794 rciirnl
796 747 839 796 So.
853 745 944 804 Quales
963 745 1012 794 sint
1029 746 1177 808 obstetrices,
1195 746 1285 810 cogito,
1303 762 1333 796 ac
1350 745 1423 794 facile

318 831 383 894 quod
394 830 448 878 solo
460 829 584 894 percipies.
618 828 670 877 Scis
688 827 760 891 eninr,
771 828 836 892 quod
853 827 920 876 nulia
934 843 964 876 ex
983 827 1038 885 iilis,
1049 827 1163 892 quamdiu
1179 827 1287 891 concipit
1304 827 1425 892 peritque,

319 911 502 976 parturientibus
521 909 659 975 opitulatur,
678 911 719 958 sed
738 925 792 960 rum
808 909 860 973 jam
880 909 912 958 sd
927 909 1011 958 lectum
1028 909 1115 974 inepte
1136 916 1200 958 sunt.
1232 909 1425 958 Tna.1³rorsns.

320 991 364 1046 So.
381 993 482 1042 Caussrn
494 990 565 1055 liujus
576 990 679 1040 Disnsm
689 989 777 1052 ierunt,
788 1005 842 1054 quc
853 1004 907 1041 curn
925 989 1009 1040 sterilis
1026 990 1067 1050 sit,
1077 998 1188 1054 portuum
1200 989 1298 1040 tutelam
1309 989 1425 1054 suscepit.

319 1073 410 1122 steriles
426 1072 563 1123 obstetrices
578 1071 627 1120 lieri
640 1072 723 1130 uetuit,
740 1071 852 1137 quonism
872 1073 975 1120 bumana
992 1077 1077 1120 utura
1097 1071 1240 1122 imbecillior
1259 1078 1297 1118 cst
1313 1069 1347 1117 ad
1362 1076 1426 1118 artes

319 1169 399 1208 earum
412 1168 496 1211 rernm,
508 1168 567 1216 quns
576 1167 697 1217 nunquam
707 1161 804 1216 cxpertn
812 1160 864 1202 cst:
882 1153 919 1200 bis
935 1159 1023 1218 autem,
1034 1167 1087 1217 qum
1098 1159 1222 1202 senoetutc
1232 1151 1360 1216 concipere
1368 1165 1424 1214 prn-

318 1234 437 1290 hibenlur,
448 1235 472 1284 id
482 1235 613 1298 imperirit,
624 1233 803 1283 rimilitudinem
820 1249 887 1284 susm
895 1235 1021 1284 bonorans.
1054 1233 1120 1284 Tur.
1136 1231 1271 1282 Verisimile
1281 1229 1306 1280 id
1318 1230 1425 1294 quidem.

319 1311 365 1364 So.
381 1313 421 1362 An
434 1329 482 1362 non
492 1314 517 1366 id
533 1329 629 1378 quoqne
647 1313 768 1378 probabile
782 1329 811 1362 ac
828 1313 985 1364 neccmrium
996 1321 1042 1370 est,
1051 1328 1105 1376 quas
1117 1320 1265 1376 pugnantes
1275 1312 1324 1360 rint
1332 1318 1358 1360 et
1367 1323 1423 1376 qum

319 1410 377 1450 non,
396 1395 489 1446 acutius
507 1395 538 1444 ab
557 1395 721 1444 obstetricibus
737 1409 808 1458 quarn
825 1395 855 1442 sb
873 1393 926 1444 sliis
943 1393 1115 1442 snimarlrerti?
1150 1393 1217 1442 Tus.
1234 1392 1349 1442 Omnino.
1380 1392 1426 1442 So.

319 1475 468 1532 Quinctium
479 1475 577 1524 medelis
587 1483 612 1524 et
622 1475 825 1524 incantstiooibur
834 1475 972 1524 obstetrices
983 1474 1085 1524 excituro
1096 1473 1217 1524 mollirerc
1237 1480 1319 1538 partus
1333 1471 1424 1520 renti·

318 1571 377 1604 ones
389 1555 478 1612 valent,
489 1563 514 1604 et
524 1569 584 1619 ogre
596 1555 778 1618 parturientibus
789 1556 910 1618 opitulari,
918 1554 1035 1618 ireturque
1043 1555 1159 1616 edocerer
1170 1554 1221 1603 etsi
1230 1551 1423 1616 intempestivum

317 1635 368 1688 iore
387 1636 504 1699 rideatur,
514 1635 645 1684 obtundere
664 1643 736 1700 utque
755 1636 881 1684 retrudere.
912 1635 979 1686 Tua.
998 1633 1062 1684 ven
1080 1649 1167 1684 namn.
1200 1635 1245 1684 So.
1263 1633 1380 1700 Nunquid
1397 1640 1424 1682 et

318 1715 365 1764 lroc
383 1717 414 1764 de
433 1715 478 1764 iliis
495 1715 591 1772 audisti,
603 1716 669 1781 quod
686 1723 797 1780 tanucro
814 1717 927 1780 pronubo
946 1717 971 1764 iu
987 1713 1143 1766 conficiendis
1159 1713 1277 1780 conjugiis
1293 1713 1422 1780 aptissimo

318 1803 383 1853 sunt,
393 1795 484 1860 quippe
495 1810 548 1860 qun
560 1797 649 1860 optimu
660 1796 756 1853 nullent.
767 1813 837 1860 qnsm
846 1797 887 1847 cni
894 1796 1019 1861 jugeread
1028 1811 1145 1860 generose
1155 1795 1227 1860 prolir
1234 1795 1422 1860 procreationem

319 1877 444 1938 oportent?
475 1877 543 1930 'l'nn-
558 1877 630 1928 Haud
641 1880 698 1928 rsus
708 1881 734 1928 iri
747 1881 813 1930 novi.
845 1882 888 1930 So.
905 1881 980 1938 Scins,
990 1895 1039 1929 non
1051 1880 1129 1930 minus
1139 1880 1218 1930 inboc
1229 1879 1333 1946 gloriori,
1349 1895 1422 1944 quara

317 1953 344 2002 in
355 1956 461 2006 umbilici
477 1958 553 2021 ipsius
568 1958 756 2010 circumcisione.
774 1967 843 2025 putas
857 1959 964 2025 ejusdcm
980 1976 1012 2010 au
1026 1961 1122 2014 alterius
1138 1961 1195 2010 urtir
1210 1961 1313 2012 oliicinm
1330 1961 1423 2010 cultum

318 2035 531 2103 collectionemque
547 2047 688 2090 tenenornro
701 2041 834 2102 iructunm;
850 2049 964 2092 etrnrsus
980 2040 1201 2107 dignoscerqquod
1217 2041 1244 2090 in
1259 2041 1334 2090 solum
1345 2057 1422 2105 quam

318 2115 620 2183 plantamqnodresemcn
628 2119 820 2184 jsoeredoceatl
852 2121 919 2170 Tua.
936 2120 1058 2186 Ejusdem.
1091 2121 1133 2172 So.
1154 2121 1182 2170 ln
1198 2121 1288 2170 feminis
1298 2128 1420 2180 autenm

317 2196 402 2254 amice.
413 2199 510 2248 alterius
526 2200 645 2250 taeolrads
664 2202 718 2258 boe,
734 2201 830 2250 ulterius
840 2201 898 2251 illud
917 2203 1053 2252 existimus?
1085 2202 1151 2252 Tur.
1165 2202 1235 2252 Haud
1251 2217 1308 2250 suae
1325 2217 1422 2252 eonn-

317 2277 387 2328 nicnr
396 2286 439 2328 ert.
458 2279 532 2344 [150]
549 2280 593 2330 So.
609 2281 665 2330 Non
678 2289 749 2334 certe.
765 2283 808 2330 red
820 2291 916 2346 propter
925 2282 1039 2348 injustam
1047 2293 1073 2333 et
1083 2281 1308 2332 absurdsmmsrisct
1317 2281 1420 2332 irmino

318 2357 521 2420 conjunctionem.
530 2360 569 2410 cui
581 2361 724 2412 lenocinium
735 2377 821 2410 nomen
829 2371 875 2422 est,
883 2364 1133 2428 lugiuntconducendi
1139 2363 1275 2412 matrimonii
1282 2363 1423 2424 artificium,

318 2437 387 2501 qussi
398 2439 534 2490 obstetrices
542 2449 613 2492 ousta
624 2443 680 2500 sint,
692 2451 871 2506 versanturque,
881 2460 922 2502 ue,
933 2461 975 2509 pro
987 2444 1101 2494 nudsuitt
1112 2443 1201 2503 studio,
1211 2443 1323 2492 lenocinii
1334 2451 1421 2494 uuicu-

245 2556 249 2574 ,
319 2523 356 2566 lur
364 2517 477 2571 ininruisr
494 2521 610 2586 siqnidem
623 2522 734 2587 legitimis
745 2523 910 2574 obstetricibus
920 2525 977 2574 nolis
987 2525 1099 2574 convenit
1109 2521 1172 2574 iente
1188 2539 1262 2573 murs
1272 2521 1421 2588 feminaeque

314 2597 410 2663 jugare.
440 2600 506 2654 Tua.
524 2601 633 2654 Constat.
666 2602 709 2654 Su.
727 2603 808 2668 Atque
826 2603 851 2652 id
869 2613 906 2654 eat
921 2605 1074 2655 obstetricum
1090 2605 1194 2654 cllidum
1214 2618 1419 2669 opernmesquo·

317 2679 445 2734 dnmmodo
465 2682 549 2734 lenius.
582 2683 669 2748 Neque
687 2683 750 2734 enim
769 2685 857 2734 accidit
873 2685 1019 2751 mulieribus,
1037 2694 1064 2734 ut
1081 2684 1211 2750 diquanrlo
1229 2685 1363 2742 simulacra,
1377 2684 1422 2734 sli-

318 2761 416 2822 quando
427 2777 463 2812 ros
474 2779 540 2814 roras
551 2765 651 2827 pariant.
684 2765 739 2814 Hoc
749 2767 813 2814 bsud
823 2765 893 2816 lncile
901 2767 1008 2832 cognitu.
1025 2767 1117 2832 quodsi
1126 2766 1283 2830 contingeret,
1293 2767 1419 2818 murinum

318 2839 569 2906 omchrtsumunquo
586 2846 737 2895 obsntricunr
755 2861 839 2896 munus
855 2854 918 2898 esset
934 2863 1013 2898 rorum
1032 2847 1120 2898 aislso
1134 2849 1277 2896 dirccnrere.
1307 2847 1346 2898 'l'u
1363 2863 1418 2896 reru

318 2917 478 2980 quidsentr'si
510 2922 576 2972 Tua.
593 2924 660 2976 1uem
667 2928 787 2989 proiecto.
820 2929 865 2981 so.
880 2927 1001 2982 Artirero
1012 2945 1070 2978 mere
1081 2930 1149 2979 adest
1159 2928 1315 2993 quicquidad
1327 2929 1418 2978 illarum

249 3049 254 3056 ¹
318 2996 477 3048 obstetriciaru
488 3002 637 3066 diligentium
646 3007 739 3056 attinet.
756 3024 835 3056 rerum
847 3009 872 3057 in
888 3009 934 3060 boe
950 3017 1055 3073 prestat,
1065 3011 1132 3074 quod
1144 3009 1254 3067 muribus,
1265 3025 1314 3058 non
1325 3009 1418 3060 iemhis

318 3079 501 3140 parturientibus
511 3086 632 3145 succurrit,
649 3089 744 3152 quodre
761 3089 890 3138 unimurum
901 3090 979 3148 iretur.
991 3107 1040 3140 non
1054 3107 1179 3155 corporum
1195 3090 1340 3153 speculstur.
1370 3090 1421 3138 Po·

319 3157 432 3209 tissimnro
450 3171 529 3212 autem
541 3165 585 3214 arti
601 3181 659 3216 mem
678 3169 724 3220 iroe
741 3170 811 3228 inest,
823 3186 892 3234 posse
905 3171 1017 3224 videlicet
1032 3172 1159 3235 diligenter
1177 3170 1321 3233 examinsrc,
1340 3179 1418 3222 ulrum

317 3238 467 3292 simulscrnru
479 3245 599 3308 quotidem
614 3248 745 3314 falsumque
755 3265 786 3298 sn
802 3250 930 3300 secundnm
951 3266 980 3302 sc
990 3269 1070 3302 serum
1083 3253 1181 3316 juvenis
1196 3251 1310 3316 cogitatio
1332 3252 1420 3316 pariat.

319 3321 386 3378 Quin
397 3324 467 3374 etium
478 3328 542 3390 quod
560 3328 732 3389 obrtetricibus,
747 3332 810 3382 idern
828 3339 854 3382 rt
869 3333 927 3384 mibi
945 3333 1041 3388 eccidit.
1056 3334 1203 3386 cterilissum
1214 3331 1365 3396 ersrpleutia
1375 3347 1421 3382 vs·

318 3415 377 3462 9⁰²⁵
386 3419 393 3453 τ
410 3413 435 3454 et
446 3408 511 3472 quod
520 3410 578 3459 mihi
586 3410 725 3476 objecerunt
732 3413 810 3477 multi,
819 3413 960 3478 interrogare
969 3429 1006 3464 me
1013 3414 1127 3478 singulm.
1137 3414 1277 3480 rmpoodere
1284 3427 1421 3478 nunquro.

317 3487 507 3550 rwpnrerquts
518 3489 577 3540 nibil
588 3493 696 3550 iubeam,
706 3494 772 3559 quod
788 3495 907 3559 sapienter
923 3497 1065 3560 respondero
1083 3495 1246 3560 pertimuere
1263 3493 1364 3544 nimium
1375 3495 1420 3544 ob·

313 3561 418 3625 jcctaut.
434 3567 505 3632 hujus
517 3571 622 3633 proiecto
633 3574 685 3624 bero
695 3581 731 3624 sut
742 3590 830 3624 canos:
848 3576 1033 3640 parturientibus
1050 3591 1185 3626 succurrere
1200 3575 1269 3626 neu·
1285 3591 1326 3626 nso
1344 3575 1419 3640 conii.

316 3658 427 3706 geneture
444 3649 571 3710 probibuit.
604 3653 724 3710 Quocircs
741 3671 790 3706 non
809 3672 861 3706 sum
877 3658 1005 3708 admodum
1021 3656 1127 3721 sapiens,
1137 3673 1215 3721 nsque
1231 3664 1309 3706 eutst
1318 3655 1418 3722 aliquod

316 3738 375 3772 meus
386 3728 471 3776 mentis
481 3729 603 3782 inventurn
613 3751 642 3784 er
651 3751 688 3784 rnc
700 3745 790 3786 usturn.
823 3738 874 3795 Qui
885 3753 941 3788 sero
951 3754 1044 3788 rneenru
1056 3747 1187 3801 vereantur,
1198 3737 1316 3802 principio
1321 3739 1418 3803 quior·

315 3805 386 3856 sudes
397 3818 529 3872 apperentr
547 3815 588 3864 scri
599 3831 652 3866 mes
662 3819 750 3868 deiude
759 3819 934 3870 consuetudine
950 3820 985 3882 lui,
1004 3819 1091 3883 quibus
1106 3819 1174 3870 Dour
1185 3821 1236 3883 ipsc
1247 3819 1322 3876 iaret,
1334 3819 1417 3868 mirum

314 3884 341 3932 iu
358 3889 601 3966 modumprofiriunt,
613 3906 639 3946 ut
649 3899 694 3948 sibi
704 3900 764 3964 ipsir
774 3901 875 3965 aliisque
886 3902 1004 3952 sidentur.
1021 3903 1067 3950 boc
1078 3909 1156 3951 tsrucu
1166 3908 1269 3958 constat.
1280 3900 1420 3964 quodnilril

316 3979 443 4030 unquama
454 3989 491 4024 me
501 3975 612 4026 diseunt:
629 3979 701 4028 immo
711 3981 758 4045 ipsi
768 3983 792 4030 in
804 3982 889 4046 seipsis
906 3982 1004 4047 egregia
1021 3982 1096 4034 multa
1110 3981 1271 4047 purridenter,
1281 3981 1418 4032 inveniunt.

314 4047 508 4106 obstetriciisanc
519 4059 621 4108 muneris
638 4059 707 4110 Deus
723 4069 749 4110 et
764 4079 811 4128 ego
826 4079 907 4113 csuss.
923 4065 989 4128 qnod
1005 4063 1061 4114 biae
1079 4063 1179 4116 marine
1196 4061 1334 4125 conjectare
1351 4061 1417 4110 boot.

314 4125 377 4178 usn
390 4132 459 4182 rnulti
469 4139 592 4200 quondam
603 4141 649 4192 lruc
661 4141 804 4205 ignorantes.
815 4161 889 4209 reque
900 4147 968 4210 ipsos
985 4143 1309 4200 amoenorumque
1320 4141 1419 4206 quiden

315 4223 461 4274 orrrcrerunt¹
472 4217 533 4268 iorte
549 4221 580 4270 sb
597 4221 650 4272 aliis
669 4225 790 4287 perruasir
808 4227 873 4274 unde
892 4227 963 4278 citius
973 4241 1044 4292 quem
1055 4228 1160 4284 deceret,
1170 4241 1185 4272 ι
1197 4240 1233 4274 ruo
1247 4224 1418 4276 domuerunt.

314 4289 408 4346 Quibur
417 4297 558 4350 sbeuutibus
569 4304 600 4351 ob
612 4319 707 4368 prauam
718 4307 913 4358 consuetudinem
924 4323 1004 4358 eorum
1014 4323 1069 4372 qum
1078 4305 1171 4360 rosidos
1181 4313 1250 4362 ernut
1260 4305 1370 4355 abortum
1380 4302 1419 4350 lc·

314 4385 384 4422 cerer
401 4385 472 4441 utque
484 4381 579 4446 insuper
588 4399 642 4448 qum
653 4387 847 4449 sgo'obstetn'cia
857 4403 904 4451 ope
914 4405 942 4438 er
950 4389 1036 4438 animer
1047 4387 1141 4442 iliorum
1152 4385 1279 4439 visceribus
1286 4385 1338 4449 jsrn
1349 4399 1421 4435 crnc-

315 4469 372 4511 fflm·
384 4459 443 4508 mule
455 4463 593 4529 nunieutes,
605 4467 700 4530 penitus
711 4468 871 4532 perditionum,
881 4471 971 4534 quippe
981 4487 1037 4520 cunr
1056 4469 1115 4518 laisa
1133 4474 1204 4532 atquc
1220 4467 1345 4518 rimatores
1357 4467 1420 4514 vetis

313 4535 411 4586 oinium
422 4549 599 4607 snteponeront.
617 4549 711 4600 deornm
722 4559 771 4600 tum
790 4551 835 4601 sibi
851 4567 923 4617 quam
938 4553 991 4602 sliis
1007 4553 1144 4618 munientes
1157 4551 1261 4602 eruisse
1276 4549 1361 4601 morito
1373 4547 1421 4596 riri
