3146 5316
336 527 393 586 no
777 517 977 580 norrorrrs
1358 525 1428 604 [ror

335 681 442 730 Alterum
452 677 566 745 quiddam
578 691 630 726 esse
641 689 736 726 nouare
747 682 783 724 rn
793 671 1009 740 ipsiosoesendsrn
1017 671 1115 722 sltoronr
1128 687 1182 722 rero
1193 672 1270 739 ipsrnn
1281 691 1288 724 s
1304 675 1326 724 si
1337 677 1431 742 quidese

335 779 383 811 non
395 761 495 810 nsenbs
506 760 583 824 ipsorn
595 773 677 810 onom.
697 757 738 804 sed
750 763 777 804 ut
787 769 859 804 ununr
875 753 979 804 menos
993 753 1129 818 pertieipnt.
1160 753 1267 804 Necesse
1280 764 1329 807 est.
1361 759 1431 815 Quod

337 843 356 890 si
366 843 465 891 slterurn
476 839 586 895 amns.
598 840 697 887 sitoruur
708 851 798 886 noum:
816 836 893 898 ipsurn
905 847 977 884 nnnrn
988 849 1037 884 non
1047 851 1077 884 ex
1087 851 1127 892 eo,
1140 834 1205 899 qnod
1218 851 1302 894 onnus.
1312 838 1344 886 sb
1354 855 1434 888 essers-

334 922 369 971 tis
379 921 477 970 sitrronr
487 929 540 970 est:
557 935 634 984 noque
648 916 761 976 ssoentin
778 917 803 966 irr
820 924 935 980 qusnturn
950 915 1062 973 mods,
1081 915 1113 964 sb
1127 931 1176 965 nne
1186 924 1223 965 est
1233 916 1324 966 niterer
1341 919 1383 968 sed
1395 935 1434 984 per

334 1001 370 1058 id,
389 1002 453 1066 qnod
469 1009 506 1050 est
520 1000 597 1066 ipson
616 1015 658 1064 per
673 1013 699 1048 se
714 999 822 1055 slteron,
836 1007 862 1046 et
877 996 955 1061 ipson
970 1011 1012 1060 per
1026 1009 1052 1046 se
1065 995 1141 1054 eliud,
1161 995 1236 1046 dtere
1251 1007 1309 1046 sont
1325 999 1433 1050 inviset.

335 1081 442 1132 Prorsus.
474 1082 633 1140 Qnsrnobrour
647 1080 725 1144 ipsnrn
741 1078 840 1128 sitorum
858 1092 904 1127 nee
921 1077 972 1140 uni,
988 1091 1033 1125 nee
1050 1077 1159 1126 erasos
1177 1077 1240 1126 idern
1257 1085 1303 1128 est.
1337 1078 1435 1130 venus

336 1164 403 1222 Quid
413 1163 488 1227 ergo?
504 1163 526 1212 si
536 1180 565 1212 es
576 1162 628 1212 istis
638 1161 778 1225 elegerimus
788 1159 837 1208 sire
847 1158 973 1208 essentisnr
982 1165 1008 1206 et
1019 1157 1127 1215 siternnr,
1136 1173 1178 1208 seu
1187 1158 1313 1208 essentisrn
1323 1159 1437 1224 e'torsurs,

335 1243 384 1292 sire
396 1259 468 1292 urruns
481 1251 506 1294 et
524 1243 623 1294 siterrnn
634 1259 641 1290 s
659 1255 740 1292 nonno
759 1241 783 1290 in
801 1239 908 1305 qosiibet
916 1237 1061 1288 sesentiens
1074 1238 1197 1288 elisiernus
1207 1239 1299 1304 utique.
1317 1255 1372 1304 qne
1384 1241 1436 1306 jure

336 1326 407 1376 srubo
420 1323 535 1389 sppeitsri
546 1323 676 1389 poterunt?
694 1321 841 1380 Qonroodoi
865 1318 921 1368 lios
939 1319 1022 1376 nodo,
1040 1318 1146 1383 inqosss.
1162 1319 1249 1368 licetne
1259 1321 1386 1370 manso
1400 1323 1444 1370 di·

335 1407 408 1454 tere?
425 1405 501 1456 Licet.
519 1404 746 1470 Ronnsrpuedinesn
757 1401 847 1450 nonni
864 1399 898 1448 Et
912 1399 986 1448 istud.
1009 1399 1098 1448 Nonne
1109 1406 1233 1464 otrornque
1240 1400 1335 1452 iitorom
1345 1402 1432 1451 fficium

334 1489 387 1536 est?
404 1487 504 1537 Dietonr
524 1495 657 1550 otrnnsqoe.
682 1483 784 1542 Quoties
795 1481 922 1532 essentisns
937 1489 964 1530 et
980 1497 1054 1530 unurn
1069 1481 1135 1538 dieo,
1154 1495 1185 1530 sn
1205 1497 1255 1530 non
1273 1482 1435 1532 subedies?

256 1579 263 1591 ⁴
336 1567 414 1618 Dicis.
447 1568 480 1616 Et
490 1567 510 1616 si
519 1568 643 1616 essentium
655 1573 727 1630 etque
743 1565 852 1627 sitorum,
861 1563 913 1612 siro
923 1562 1023 1612 siternnr
1034 1568 1105 1626 etque
1116 1577 1200 1624 onum,
1218 1577 1299 1612 nonne
1309 1563 1336 1612 in
1347 1563 1378 1612 iis
1389 1565 1444 1612 sin--

336 1647 475 1711 guiissrnbo
487 1648 560 1696 dieo?
577 1647 683 1696 Prorsus·
698 1645 760 1703 Qun
772 1659 827 1692 rero
838 1643 909 1692 srnbo
919 1650 982 1692 reete
993 1643 1115 1708 sppelints
1126 1651 1190 1706 sont,
1208 1643 1324 1708 numquid
1338 1654 1436 1709 pessunt

335 1731 406 1778 srnbo
416 1743 565 1792 essedoque
577 1735 656 1776 tsrnen
666 1743 719 1776 esse
729 1725 797 1774 duni
820 1722 988 1787 nequaqum.
1014 1722 1049 1771 dt
1065 1738 1119 1788 qun
1130 1724 1179 1772 duo
1189 1725 1394 1790 sont.‚eogitsrise
1404 1727 1435 1776 its

335 1815 446 1872 possunt,
464 1817 549 1856 utnon
561 1807 653 1856 iliorurn
666 1813 790 1870 utrumqne
801 1819 873 1853 unnur
883 1803 932 1852 siti
954 1801 1068 1852 Minime.
1093 1803 1212 1862 Quoniam
1222 1805 1295 1869 igito'r
1303 1805 1351 1856 ists
1365 1807 1444 1856 sireni·

335 1889 385 1938 duo
396 1897 460 1953 sont,
470 1887 559 1938 ideireo
571 1888 757 1953 unumquodque
769 1901 840 1934 onnrn
852 1884 951 1935 eonor.
984 1883 1095 1934 Videtur.
1127 1884 1155 1932 Si
1166 1901 1240 1934 unum
1256 1879 1383 1950 quodlibet
1394 1905 1435 1937 eo·

336 1986 387 2019 rorn
397 1979 443 2028 est,
453 1978 479 2020 ct
489 1977 613 2034 utromque
624 1983 697 2016 onuru
707 1976 790 2017 rnutnn
800 1965 904 2030 quodem
914 1964 1029 2030 conjugio
1039 1965 1140 2014 invicem
1151 1973 1189 2014 est
1199 1981 1341 2026 connexum,
1356 1982 1443 2018 mnne·

336 2051 381 2100 tris
398 2049 506 2100 universe
526 2051 657 2100 resultsnt?
675 2049 789 2098 dluirne.
813 2047 870 2096 Tris
888 2063 942 2096 sero
959 2061 1039 2096 nonne
1058 2045 1167 2110 irnperio,
1185 2047 1233 2096 duo
1251 2056 1330 2098 sutern
1349 2051 1433 2113 puris?

336 2132 446 2190 Quidni?
478 2131 511 2180 iit
521 2148 574 2181 torn
584 2132 633 2180 duo
646 2131 702 2188 sint,
713 2145 794 2179 nenne
806 2143 902 2178 uerene
912 2135 959 2190 est,
968 2127 1041 2176 etiens
1051 2127 1089 2176 bis
1099 2128 1198 2176 edesse:
1215 2136 1300 2178 etcum
1312 2129 1364 2186 tris,
1380 2133 1434 2178 ter?

336 2215 357 2262 si
367 2213 464 2278 quidem
475 2213 569 2262 dnobus
579 2213 641 2261 inest
649 2213 685 2259 bis
697 2227 778 2268 nnnsn,
790 2211 864 2258 tribos
875 2225 929 2257 rero
941 2215 976 2257 ter
988 2225 1069 2258 nnurn.
1085 2208 1200 2261 Necesse.
1216 2210 1315 2260 Duobus
1327 2212 1435 2276 deniqne

336 2295 502 2342 exsistentibus
513 2309 550 2342 sn·
561 2291 608 2352 bis,
624 2307 721 2342 necesse
735 2298 772 2340 est
784 2291 834 2339 duo
853 2291 889 2338 bis
904 2305 971 2339 esse:
988 2297 1014 2338 et
1030 2290 1103 2339 tribus
1120 2291 1285 2341 exsistentibus
1302 2299 1376 2356 stque
1392 2301 1436 2350 ter,

336 2389 418 2422 nonne
429 2387 524 2422 necesse
534 2381 571 2421 est
582 2389 657 2421 nrrsns
673 2371 716 2420 tris
731 2379 767 2422 ter
784 2372 852 2420 esse?
879 2371 988 2429 Quidni?
1013 2371 1079 2430 Quid
1092 2372 1164 2420 reso?
1182 2373 1254 2420 tribus
1269 2373 1435 2422 exsistentibus

334 2461 406 2518 etque
418 2453 463 2516 bis,
473 2461 498 2501 et
508 2454 602 2501 duobos
612 2459 683 2517 stqne
696 2460 731 2502 ter
742 2452 919 2517 exsistentibus,
938 2467 1034 2500 neeesse
1049 2459 1086 2500 est
1097 2453 1141 2501 tris
1152 2452 1187 2502 bis
1197 2469 1257 2510 esse,
1276 2469 1304 2504 se
1323 2455 1360 2504 bis
1372 2455 1434 2504 tris?

336 2535 442 2584 Necesse
453 2544 490 2584 est
500 2535 606 2585 omnino.
640 2535 716 2584 Erunt
726 2534 798 2599 igitur
809 2535 895 2599 pariter
907 2535 982 2598 puris,
993 2533 1159 2598 imperiterqoe
1176 2534 1249 2598 [tid]
1265 2535 1375 2598 imperis,
1391 2553 1435 2585 nen

336 2631 386 2664 nors
398 2617 494 2682 irnperio
512 2615 608 2682 psriter,
623 2624 649 2666 et
664 2617 784 2681 irnpnriter
800 2616 873 2680 peris.
889 2616 968 2665 Certe.
985 2613 1011 2662 Si
1028 2616 1078 2664 ires
1095 2615 1164 2666 itsse
1181 2617 1278 2679 hebent,
1289 2633 1346 2666 norn
1358 2625 1436 2681 potes,

337 2696 412 2746 uiiorn
431 2713 553 2746 nonserorn
570 2697 680 2762 relinqui,
698 2697 739 2761 qui
758 2713 806 2746 non
824 2696 955 2746 nenesssrio
974 2695 1109 2746 iiiininsit?
1125 2695 1233 2745 Nullum.
1250 2696 1353 2756 Iduirno,
1370 2700 1434 2750 sien

336 2793 420 2834 sunnon,
431 2795 526 2828 neeesse
537 2786 609 2828 estet
622 2794 744 2826 norueruru
761 2793 821 2826 esse.
844 2777 931 2826 Procul
951 2777 1034 2826 dnbio.
1059 2775 1130 2834 Item,
1149 2778 1169 2826 ι’
1180 2793 1290 2826 numerus
1300 2787 1347 2836 est,
1362 2781 1435 2830 mnits

337 2857 420 2921 utiquo
430 2866 495 2914 sont,
506 2865 531 2906 et
541 2858 634 2907 inbuite
645 2858 735 2908 entium
754 2857 881 2907 nsoititodo
892 2875 899 2908 r
917 2867 959 2907 sut
974 2873 1024 2906 nors
1040 2855 1146 2907 infinitus
1156 2874 1266 2908 numerus
1276 2860 1446 2922 molundino·

336 2945 361 2984 et
373 2936 489 3000 particeps
499 2937 607 2985 essentiis
616 2938 662 2986 bt?
679 2938 795 2986 dissime.
819 2937 925 2994 Quodsi
937 2946 1000 2988 totus
1011 2939 1064 3003 ipse
1075 2955 1184 2988 nornerns
1194 2949 1232 2990 est
1241 2942 1353 2990 essentie
1365 2943 1444 3006 perti-v

336 3032 403 3080 ceps,
414 3032 564 3081 unoquoque
575 3017 646 3066 etism
659 3001 774 3080 pirtieois
785 3019 875 3066 numeri
887 3021 990 3068 essentis
1001 3019 1162 3085 pertioipebit.
1177 3021 1283 3072 Prorsus.
1301 3023 1348 3073 Per
1357 3024 1436 3071 omnis

336 3113 402 3161 ergo,
410 3113 463 3160 quus
475 3098 548 3146 rnnits
560 3107 623 3156 sont,
634 3099 738 3148 essentis
748 3098 903 3155 distribuitur,
913 3115 959 3149 nee
969 3102 999 3148 sb
1010 3101 1091 3164 aliquo
1101 3117 1190 3158 eorurn.
1208 3118 1262 3166 qun
1278 3111 1343 3160 sunt,
1359 3105 1447 3168 abest,⁸

335 3195 377 3228 seo
389 3178 509 3227 nrinirnoru
521 3179 568 3228 boe
578 3179 618 3236 sit,
629 3179 679 3228 sire
690 3179 825 3228 rnssirnorn.
857 3179 938 3245 Atque
951 3181 975 3230 id
986 3181 1094 3230 dnbitsre
1111 3183 1237 3232 obsordurn
1251 3191 1296 3233 est.
1313 3187 1445 3248 qnornodo=

335 3258 399 3308 enirn
409 3261 513 3313 ostentis
523 3261 554 3310 nb
564 3260 644 3326 sliquu
653 3277 742 3318 eorum,
759 3277 813 3325 qun
824 3269 888 3324 sont,
904 3262 985 3310 sbesse
999 3261 1097 3324 potest?
1113 3261 1196 3312 Nullo.
1212 3263 1296 3312 Diriss
1303 3271 1341 3312 est
1351 3264 1445 3329 igitur‚·

335 3342 415 3404 qooed
434 3341 484 3390 beri
498 3349 586 3406 potest,
603 3341 628 3389 in
640 3340 736 3390 rninirus
746 3351 771 3390 nt
782 3342 892 3405 russisns,
912 3349 984 3406 etque
1001 3343 1028 3392 in
1043 3343 1131 3402 sonis,
1148 3359 1202 3408 qun
1218 3345 1444 3410 quomodocunque*

336 3430 399 3484 sunt,
418 3423 566 3488 runsinreque
581 3423 686 3472 omnium
704 3423 838 3479 distribuis,
855 3431 881 3472 et
899 3423 999 3472 infinitus
1009 3434 1066 3472 sont
1075 3426 1183 3474 essenrns
1194 3434 1280 3490 portes.
1311 3425 1352 3476 Sin
1362 3444 1389 3478 se
1399 3443 1435 3476 res

336 3502 417 3550 lsebot.
449 3504 559 3552 Plurima
570 3503 642 3568 igitur
654 3503 718 3554 iilius
729 3511 807 3568 portes
818 3512 881 3552 sunt.
898 3504 1010 3552 Prorimn
1020 3514 1093 3556 certe.
1118 3506 1184 3564 Quid
1195 3507 1268 3556 sero?
1285 3517 1353 3556 estne
1365 3510 1436 3572 qnid·

337 3597 408 3644 quern
419 3597 448 3628 er
459 3583 518 3640 istis,
530 3587 594 3648 qood
605 3585 701 3648 quidem
714 3601 767 3648 psrs
777 3581 886 3634 esientin
896 3585 936 3647 sit,
949 3585 998 3634 ndo
1017 3594 1094 3636 tsroerr
1106 3603 1160 3652 μη
1169 3588 1222 3652 ipss
1231 3603 1305 3638 onnus
1320 3589 1435 3653 quinos-

336 3660 385 3708 siti
419 3660 454 3707 At
464 3676 512 3725 qno
524 3672 593 3726 poeto
605 3665 629 3712 id
641 3665 724 3714 fieret?
758 3665 845 3714 Venno
857 3673 991 3731 postquem,
1007 3674 1034 3714 ot
1052 3667 1157 3726 arbitror,
1173 3677 1219 3726 est,
1236 3685 1334 3718 nenesoe
1344 3679 1382 3718 est
1398 3671 1434 3735 ip·

336 3757 386 3790 ssnr
397 3756 496 3804 semper,
516 3745 628 3807 qnemdiu
647 3752 692 3801 est,
707 3761 779 3794 unum
790 3746 881 3810 aliquid
891 3763 959 3796 esso:
977 3747 1037 3796 nihii
1055 3757 1134 3797 sutern
1151 3765 1211 3812 esso,
1227 3750 1375 3814 impossibiie
1390 3761 1442 3802 est·-

338 3820 438 3888 Absqoe
450 3822 532 3872 dubio.
564 3823 621 3872 Non
633 3824 709 3873 solnrn
719 3842 775 3890 ergo
786 3827 900 3876 universes
910 3829 1028 3886 ementire,
1046 3831 1087 3878 sed
1099 3828 1163 3880 iliius
1172 3831 1242 3880 etiem
1253 3833 1353 3895 singuiis
1364 3835 1444 3897 perti·¹

337 3904 381 3952 bos
391 3919 466 3952 onurn
477 3905 554 3962 sdest,
573 3914 663 3969 psrtern
682 3906 770 3954 nuiinns
787 3907 905 3966 deserens,
923 3909 972 3958 sire
989 3909 1063 3973 rnsjor
1073 3910 1114 3960 iiie
1124 3911 1231 3976 quidem,
1250 3929 1292 3961 sen
1303 3913 1381 3963 ruinor
1395 3913 1434 3970 sit,

335 3985 386 4034 siue
397 3987 612 4051 quomodocunque
622 4003 648 4035 se
658 3987 755 4038 hebent.
788 3987 828 4036 Sic
845 3998 890 4041 est.
922 3989 1046 4056 Nuroqoid
1057 4007 1110 4040 cunr
1122 3995 1153 4040 sit
1164 4009 1246 4054 onum,
1262 3993 1352 4058 ubique
1366 3995 1443 4043 siurbi-

337 4075 374 4112 est
386 4067 478 4114 toturn?
496 4067 622 4130 diiigenter
632 4069 658 4118 id
669 4068 769 4132 inspice.
802 4069 910 4128 intueor,
920 4079 992 4136 etque
1002 4073 1107 4122 boeesse
1118 4073 1264 4135 impunibile
1274 4073 1355 4123 rideo.
1388 4074 1443 4124 iii-1

337 4145 410 4194 risum
421 4147 511 4211 ireque,
519 4147 566 4197 nisi
577 4157 661 4198 totum.
676 4165 754 4216 neque
765 4149 828 4200 eninr
839 4151 906 4202 sliter
917 4153 1107 4204 universissimo}
1117 4154 1226 4204 moon
1237 4155 1353 4218 pestibus,
1363 4172 1434 4221 quesn

336 4224 446 4291 divisum,
458 4227 541 4280 ederit.
557 4229 597 4278 Sin
607 4238 652 4278 est.
668 4229 788 4289 Ceterorn,
807 4233 872 4296 qood
884 4234 993 4296 pertibiie
1004 4243 1050 4299 est,
1061 4235 1192 4285 nwesssrio
1203 4236 1303 4284 totidem
1313 4245 1360 4294 est.
1375 4245 1436 4301 qoot

336 4305 440 4364 pertibus
451 4315 551 4357 constet.
568 4309 716 4362 Necerssrio.
731 4312 785 4362 Hsc
797 4315 827 4362 de
839 4329 910 4364 censs
925 4315 990 4364 bsod
1007 4325 1070 4365 reete
1083 4317 1154 4380 penio
1166 4325 1222 4364 unte
1233 4315 1381 4374 boemos,
1397 4331 1444 4366 enm

336 4384 435 4430 sentino
447 4386 470 4432 in
483 4399 559 4450 psrtes
570 4391 680 4453 piorirnns
690 4393 855 4444 distribntsrn:
872 4396 963 4460 qnippe
979 4413 1034 4445 corn
1050 4413 1099 4449 non
1118 4397 1142 4446 in
1160 4397 1248 4461 plores,
1267 4413 1338 4460 quern
1358 4397 1443 4462 ipsum·

338 4475 420 4517 unum,
436 4466 477 4512 sed
497 4484 571 4529 peres.
586 4471 686 4521 discreto
705 4474 743 4520 sit.
760 4489 837 4538 neque
853 4477 916 4526 eninr
933 4493 975 4526 orss
987 4479 1037 4534 nni,
1055 4495 1134 4543 neque
1144 4495 1217 4526 unnsn
1228 4479 1357 4528 eutidoest
1365 4496 1374 4538 ;
1390 4479 1445 4526 sedi

336 4540 384 4593 duo
395 4542 535 4608 benpotios
545 4565 586 4614 per
598 4553 676 4602 onnus
686 4553 781 4616 ponitus
790 4565 949 4622 oonqosutor.
983 4559 1088 4610 Oinone
1105 4559 1259 4632 siouppsret.
1292 4558 1434 4628 tpsuntrs-
