3138 5300
134 555 209 632 em]
598 549 809 611 sopnrsm.
1186 560 1245 619 uer

86 737 111 767 ,.
139 723 196 754 nune
207 706 280 756 ritem
291 707 413 755 dumtaxat
424 703 547 754 utendum.
565 718 619 751 num
627 703 755 767 sophistam
763 703 839 752 etsliu
848 719 933 768 genere
942 705 1092 763 imitantium,
1107 717 1241 759 nontamen

139 787 164 834 in
178 803 263 850 genere
275 788 399 836 scientium
412 787 541 852 posuimus.
574 783 641 832 Tne.
658 784 698 832 Sic
709 791 753 831 est.
787 785 838 833 Ho.
855 785 1015 850 liuneitnque
1024 787 1156 850 opiniosom
1165 789 1242 838 imita·

142 879 216 916 mrem
234 877 345 932 tunquam
363 868 448 916 terrum
465 866 634 922 examinemus,
651 863 713 912 sitne
729 865 818 914 solidus
834 866 989 931 simplexque,
1008 883 1039 917 nn
1055 879 1145 920 contro.
1176 871 1242 922 Tur.

141 948 316 1000 Examinemus.
350 948 402 998 Ηο.
425 949 496 998 Certe
517 945 644 996 admodum
668 944 798 1009 multiplex.
830 946 894 996 Nam
916 948 1022 1011 sopbistu
1044 949 1141 1014 quidam
1163 951 1243 1001 tatuus
1315 967 1317 974 ’

140 1037 165 1076 et
182 1029 280 1094 ineptus
291 1037 336 1093 est,
348 1044 401 1093 quur
419 1028 492 1092 [2⁰8]
511 1025 623 1092 opinatur
633 1026 692 1074 scire
703 1041 728 1074 se
741 1035 836 1090 putans.
868 1028 972 1076 Alterius
986 1029 1135 1095 arrengum,
1146 1042 1242 1096 propter

140 1110 226 1158 vsrinm
237 1111 262 1158 iu
274 1111 419 1159 sermonibus
427 1108 608 1168 revolutionem,
616 1114 681 1156 certe
689 1105 846 1170 suspicionem
855 1107 977 1172 plurimam
986 1117 1121 1176 metumque
1129 1120 1242 1177 reportet,

140 1205 171 1238 ne
181 1189 343 1254 lorteignoret
352 1191 402 1246 illa,
420 1205 474 1254 quse
485 1203 563 1238 coram
574 1187 627 1236 aliis
638 1187 697 1235 scire
713 1203 738 1236 se
750 1185 852 1236 simulat.
884 1187 952 1239 Tun.
969 1189 1073 1238 Omnino
1091 1208 1120 1240 ex
1137 1194 1242 1259 utrisque

141 1271 265 1332 generibus
276 1279 322 1331 est,
341 1278 368 1318 ut
379 1269 484 1318 narrasti.
517 1268 570 1321 Ho.
586 1267 675 1317 Nonne
694 1267 764 1332 igitur
779 1284 852 1316 unum
870 1269 966 1333 quidem
986 1271 1125 1334 simplicem,
1141 1273 1239 1323 altemm

140 1351 402 1400 ironicumimitetorem
415 1351 546 1416 ponemus?
569 1349 636 1397 Tne.
648 1348 840 1398 Consentaneum
850 1357 895 1400 est.
921 1350 971 1400 He.
985 1351 1065 1416 Hujus
1073 1353 1157 1402 iterum
1168 1371 1243 1418 genus

142 1449 257 1483 nnuman
273 1434 321 1482 duo
332 1433 458 1482 dicemus?
489 1431 556 1480 Tun.
571 1430 609 1479 ‘l'o
621 1431 714 1480 videris.
747 1429 798 1479 Ho.
815 1431 902 1496 Cogito
921 1433 1049 1496 equidem:
1067 1449 1095 1483 ac
1112 1435 1161 1483 duo
1175 1435 1241 1499 cogi·

143 1517 204 1562 tanti
215 1514 271 1562 mibi
283 1530 309 1562 se
320 1514 431 1562 offerunt.
455 1511 524 1562 Unus
534 1512 629 1577 quidem
642 1511 737 1576 publice
749 1511 840 1575 prolixe
851 1513 957 1561 oratione
967 1514 1030 1577 npud
1043 1514 1157 1580 populum
1167 1515 1243 1564 monia

144 1601 231 1642 utens:
249 1594 307 1642 aiter
326 1593 434 1658 privatim
454 1593 548 1642 minutis
569 1591 709 1656 quibusdam
720 1591 975 1657 captiuncoliseogens
986 1607 1049 1652 eum,
1061 1595 1102 1658 qui
1119 1611 1173 1644 cum
1189 1596 1244 1660 ipso

142 1674 259 1738 disputat,
276 1673 370 1722 sibimet
389 1673 415 1721 in
435 1672 580 1722 sermonibus
599 1671 769 1722 contradicere.
803 1672 869 1724 Tne.
887 1671 964 1722 Recte
984 1675 1111 1723 edmodum
1134 1675 1243 1740 loqueris.

142 1753 193 1803 iio.
212 1754 340 1811 Quomodo
350 1752 492 1817 superiorem
503 1752 568 1801 illurn
580 1753 783 1802 denominabimus
792 1754 810 1802 i.
818 1753 941 1803 civilemne
952 1769 983 1803 an
995 1755 1149 1819 popularem?
1172 1755 1240 1806 Tru.

143 1835 294 1898 Popularem.
326 1835 378 1885 Ho.
396 1833 505 1884 Alterum
517 1849 571 1884 vero
581 1834 690 1898 Soplron,
702 1833 727 1882 id
738 1842 775 1882 est
785 1834 924 1897 supientem,
934 1850 964 1882 nn
976 1835 1155 1899 Soplristieum?
1177 1835 1244 1888 Tun.

143 1915 281 1980 Sapientem
291 1915 387 1980 quidem
398 1931 480 1965 vocare
491 1916 558 1964 illum
567 1931 615 1964 non
626 1915 691 1973 licet,
702 1916 895 1980 quandoquidem
912 1915 1057 1979 ignorantem
1074 1917 1151 1980 ipsum
1163 1918 1243 1983 posui-

146 2011 215 2044 mus:
233 1997 344 2061 quoniam
355 2013 410 2046 vero
420 1997 552 2061 sapientem
562 1996 677 2052 imitetur,
685 1997 867 2060 cognomentum
879 1984 998 2059 quoddam
1008 1995 1070 2045 illius
1079 1997 1154 2046 simile
1162 1997 1243 2047 sortie·

146 2086 198 2127 turs
216 2092 245 2126 sc
256 2077 351 2126 demum
362 2077 479 2141 intelligo,
489 2078 553 2126 hunc
564 2075 643 2140 ipsum
655 2091 748 2140 prorsus
758 2083 783 2123 et
793 2089 871 2124 revera
884 2075 1017 2141 Sophistam
1029 2075 1142 2140 appellari
1152 2078 1244 2128 doecre.

145 2155 195 2206 tto.
215 2156 252 2205 riu
264 2173 322 2216 non,
332 2165 360 2206 ut
369 2173 448 2222 supra,
468 2157 501 2206 ita
511 2173 574 2205 nunc
585 2155 736 2221 nomenejus
747 2155 920 2220 colligabimus,
931 2173 946 2205 a
963 2156 1011 2204 fine
1022 2155 1105 2205 itemm
1116 2157 1147 2204 sd
1158 2157 1245 2221 princi-

142 2237 500 2304 piumomniacomplicuntesl
531 2236 598 2288 Tun.
615 2237 729 2288 Omnino.
763 2237 814 2286 Ho.
832 2237 959 2286 Iademum
971 2237 1171 2304 Sophisturnrere
1186 2237 1246 2286 defi·

147 2319 206 2382 niet,
216 2319 257 2384 qui
268 2320 442 2383 generationem
453 2319 505 2383 ejus
516 2326 541 2368 et
551 2318 649 2383 stirpem
663 2319 790 2368 comiatum
797 2319 951 2368 asseverabit:
962 2317 1194 2384 Sophiste,inquem,
1202 2327 1247 2377 est,

146 2399 225 2462 quiin
241 2399 386 2448 sermonibus
395 2399 557 2448 contradicere
568 2399 613 2447 ribi
624 2398 670 2463 ipsi
682 2399 841 2464 disputantem
853 2399 932 2464 cogit:
949 2398 1025 2463 quiet
1036 2398 1119 2447 ironici
1130 2415 1183 2466 para
1199 2407 1246 2457 est,

148 2477 179 2525 ab
191 2475 308 2526 imitatore
319 2477 427 2542 opinioso
437 2478 544 2536 veniens,
556 2479 700 2543 phantastici
710 2479 766 2528 item
775 2480 874 2544 generis,
885 2482 916 2528 ab
926 2479 1061 2544 imaginaria
1071 2479 1183 2528 facultate
1192 2495 1245 2544 pro·

98 2578 109 2594 ⁶
148 2559 294 2616 linens,non
308 2559 406 2622 diriore,
424 2559 466 2608 sed
486 2560 594 2608 bouranre
612 2559 744 2609 effectionis
763 2559 917 2609 determinata
935 2560 1069 2625 progenies,
1080 2575 1108 2607 ex
1119 2573 1248 2623 eorumque

145 2653 254 2698 numero,
266 2639 307 2704 qui
319 2639 405 2702 verbis,
414 2641 481 2704 quari
492 2640 634 2705 quibusdam
646 2641 778 2707 prestigiis,
790 2641 872 2692 mimm
883 2641 908 2691 in
919 2637 1165 2709 ,modumjeetptum
1180 2641 1251 2690 audi·

145 2729 217 2769 tores.
248 2719 313 2771 Tur.
332 2721 370 2771 Ita
383 2735 478 2787 pronus
487 2720 624 2773 dicendum.
991 2708 993 2714 ’
