3150 5316
316 449 377 506 ror
760 441 959 504 neironis
1337 445 1410 524 [ue

317 615 366 650 nou
377 599 446 650 ieeiie
455 599 560 664 nequitu.
592 595 699 648 condedi
711 597 781 661 piene
792 595 894 653 ridetur.
904 595 924 644 ei
935 594 990 660 quie
999 595 1177 658 euiueedeertet,
1184 597 1248 662 quod
1257 597 1347 648 dieitur
1355 615 1412 664 pre·

317 681 401 730 eieriue
411 697 462 730 eeee
472 679 549 744 peiere
560 693 637 728 eruere
647 693 718 742 quent
728 677 872 733 eieoeuiuur.
882 691 972 740 eosque
983 677 1112 742 precipue,
1123 677 1165 742 qei
1176 679 1284 742 geom
1292 687 1319 728 et
1328 680 1413 744 optin’

316 771 380 816 eunt.
390 759 481 810 etieueei
492 759 569 808 minoe
578 759 672 806 iorrooei
683 773 753 822 quero
764 757 805 806 eiii
816 756 948 808 rideantur.
980 757 1054 806 Feret
1072 773 1167 822 quoque
1178 760 1276 808 emtori
1288 761 1413 824 quende-

318 839 402 888 rireuur
413 839 544 889 eoururuuie
555 839 659 887 orooiurn
671 837 812 892 eohortetio.
823 835 892 900 queei
911 836 970 885 nihii
988 845 1056 899 turpe
1073 839 1229 902 egredietur.
1246 855 1302 888 uero
1313 855 1417 890 eone·

317 920 387 980 niter,
402 921 422 968 ei
438 919 492 984 quie
508 927 611 968 enetuu
631 918 720 982 oepiet.
731 917 855 981 puiebroru
873 916 986 980 quidrhu
998 917 1107 967 videon
1124 919 1143 966 ei
1162 933 1210 966 noe
1228 919 1318 982 eepiet,
1336 929 1412 984 terpe.

316 999 348 1048 Et
359 1001 395 1049 iee
406 1001 436 1048 ed
447 1007 548 1048 erueturu
559 999 603 1047 eibi
614 997 788 1048 oouoiiieuduur
800 997 897 1044 ereetori
908 997 965 1046 urire
975 997 1084 1062 quedem
1095 999 1283 1048 mommo
1291 1001 1411 1058 eouoedit,

316 1080 453 1144 ieuderique
464 1077 593 1142 permittite
609 1092 663 1140 que
674 1077 695 1124 ei
706 1075 758 1138 quie
769 1075 897 1140 oiiqueudo
914 1076 1018 1140 eojoeeie
1028 1079 1103 1142 gretie
1113 1087 1203 1128 tenure
1213 1079 1321 1137 euderet.
1337 1081 1409 1146 [tte]

317 1159 429 1208 ureeiueee
438 1159 503 1224 epod
515 1157 668 1222 phiioeophoe
678 1155 862 1220 vituperetiouee
873 1155 1007 1206 incurreret.
1040 1157 1065 1204 Si
1079 1157 1133 1221 qoie
1150 1158 1215 1208 eoire
1225 1159 1412 1223 coeptat-et

316 1238 516 1302 eiiquoprounie
526 1237 564 1286 eei
584 1237 742 1299 rueqietretoe,
754 1235 866 1298 potentie
879 1236 963 1300 gretie,
973 1237 1122 1299 aggrediatur
1131 1237 1182 1296 iiie,
1191 1255 1247 1302 que
1257 1255 1314 1304 erge
1322 1249 1410 1290 entoe

316 1327 429 1375 unienter.
439 1318 524 1382 peeeiru
535 1327 649 1373 oooorreu
660 1316 759 1380 euppieu
767 1325 828 1376 oret,
838 1317 977 1372 obteetetur,
987 1317 1019 1364 ed
1039 1315 1100 1364 iore·
1114 1327 1187 1366 noeto
1195 1317 1286 1380 jeeeet.
1296 1327 1322 1368 et
1331 1319 1411 1370 erduie

314 1399 416 1463 quedem
428 1397 575 1448 obeereeutie
583 1397 676 1452 eereiet,
686 1404 711 1444 et
720 1397 746 1445 iu
757 1397 865 1444 omuibus
875 1397 1028 1460 obeeqmm.
1038 1411 1092 1460 que
1102 1411 1182 1446 rerem
1193 1397 1279 1462 eiiqeie
1289 1415 1408 1463 eqeeeeee

317 1479 390 1528 vellet
400 1493 444 1528 neo
454 1479 524 1528 eriere
540 1483 670 1540 cogeretur,
682 1476 712 1524 eb
722 1475 823 1524 iuimieie
835 1475 921 1540 peritur
933 1484 959 1524 et
968 1475 1050 1524 eruieie
1057 1475 1197 1540 jurqebitur.
1217 1477 1252 1526 iiii
1263 1478 1408 1530 eduietioeee

316 1557 457 1622 eerriieeque
473 1557 642 1606 eeeeutetiouee
653 1556 819 1620 vituperabunt
828 1573 835 1604 r
852 1556 893 1604 'uti
910 1555 1047 1620 eorripieut.
1059 1571 1146 1622 eoeque
1164 1558 1285 1608 territutie
1295 1560 1365 1610 eniti
1374 1562 1410 1610 eei

318 1637 424 1702 pudebit.
457 1637 556 1685 Auetor
570 1645 649 1684 eutero
668 1637 725 1684 duro
741 1635 786 1708 ieie
804 1635 870 1690 iecit.
882 1635 979 1699 gretieur
991 1635 1138 1699 edipieeitur‚
1149 1646 1182 1692 et.
1198 1639 1267 1702 qoeei
1278 1640 1411 1702 preeim

317 1717 406 1780 eliquid
417 1723 481 1780 rget,
491 1731 505 1764 e
517 1716 569 1780 iege
579 1717 668 1780 ebeque
680 1715 728 1765 uiie
739 1716 842 1764 ioiemie
850 1723 907 1764 note
918 1717 994 1766 iecore
1004 1717 1050 1765 itte
1067 1718 1217 1780 permittitur.
1248 1719 1351 1778 Quodve
1362 1737 1413 1786 per·

317 1797 440 1844 uterinum
451 1805 497 1858 eet,
508 1797 578 1862 volgo
588 1797 742 1861 iertur.quod
759 1797 816 1846 eoiie
832 1797 941 1846 eruetorir
958 1795 1065 1860 perjurii·
1076 1797 1118 1846 Dii
1129 1797 1189 1846 dent
1198 1799 1300 1850 reniero
1332 1799 1412 1850 Vete-

317 1891 381 1926 reum
392 1877 482 1941 quippe
488 1876 653 1941 juejureeduur
665 1877 723 1926 uiirii
735 1877 811 1926 reiere
822 1877 898 1926 eiuut.
915 1877 995 1941 iteque
1007 1883 1053 1926 teor
1065 1877 1109 1926 Dii
1118 1894 1189 1942 quem
1200 1879 1307 1928 iroreioee
1317 1897 1411 1930 oreon

317 1957 405 2004 erueuti
414 1957 532 2006 iioeutieur
544 1957 709 2022 preetiurunt.
722 1966 748 2006 nt
759 1957 796 2007 iex
805 1965 883 2007 ooetre
895 1965 1000 2007 teetetur.
1028 1957 1054 2006 si
1066 1957 1097 2006 ed
1104 1957 1156 2014 ieie.
1164 1973 1218 2024 que
1225 1959 1289 2008 diete
1298 1969 1364 2024 eunt,
1374 1978 1412 2012 re·

318 2036 452 2100 epieiereoe,
470 2037 670 2101 preeiurireiruuro
679 2037 792 2102 quidderu
802 2039 828 2086 in
839 2039 884 2088 heo
894 2037 991 2086 oieitete
1001 2038 1129 2086 exietirueri
1140 2038 1261 2096 ridebitur.
1272 2041 1337 2103 qued
1351 2043 1409 2106 quie

317 2126 389 2174 erret.
395 2119 490 2183 qeodre
497 2119 584 2168 ementi
591 2125 682 2166 eruetue
689 2118 821 2182 induigeet.
829 2118 849 2168 ei
856 2133 932 2166 roreue
938 2133 976 2175 ee,
984 2133 1038 2182 que
1044 2119 1131 2180 dium,
1138 2119 1349 2176 euinedrerteroue.
1357 2129 1409 2170 tur·

317 2197 439 2261 pieeiuuru
448 2199 495 2247 boe
505 2199 567 2262 epud
576 2199 707 2248 uoebuberi
714 2199 857 2261 potebiruue.
890 2197 954 2246 Nem
963 2207 1070 2262 pereutee
1078 2199 1210 2264 pedegoqie
1218 2199 1277 2248 iiioe
1286 2217 1411 2250 mm·

317 2278 385 2336 dent,
394 2279 435 2342 qui
445 2287 535 2328 emetur
545 2294 599 2328 euru
610 2280 741 2328 eoeutibue
753 2279 820 2344 ioqui
828 2279 978 2344 prohibeeut,
986 2280 1044 2328 eoeii
1052 2296 1147 2345 quoque
1154 2289 1179 2330 et
1185 2280 1293 2344 erqueiee.
1300 2282 1412 2346 quotient

317 2357 364 2406 teie
375 2358 433 2421 quid
443 2359 536 2414 rident.
548 2359 696 2424 vituperent:
714 2374 811 2424 meque.
822 2360 879 2408 dno
897 2359 952 2408 teiie
968 2369 1077 2423 eerpunt.
1088 2375 1156 2410 eeuee
1171 2375 1218 2410 uou
1237 2362 1412 2424 reprehendunt

318 2453 395 2502 neque
411 2453 462 2496 eoe.
478 2437 547 2504 queri
562 2449 649 2498 errent,
660 2440 800 2504 corripiunt.
831 2439 984 2504 Quepropter
1000 2440 1034 2488 ite
1051 2441 1097 2490 hoe
1113 2441 1199 2489 hebere
1215 2457 1241 2490 ee
1260 2441 1368 2498 erbitror.
1385 2448 1412 2492 ut

318 2516 395 2582 ipeuur
406 2521 535 2568 eorundum
546 2537 581 2578 ee.
591 2521 653 2570 eicut
661 2537 677 2570 e
687 2521 805 2586 principio
816 2520 905 2570 dietum
924 2529 970 2578 eet,
981 2535 1058 2584 oeque
1070 2521 1193 2570 houeeteru
1205 2521 1236 2570 eit
1245 2537 1323 2586 neque
1333 2529 1410 2587 turpe.

318 2613 395 2662 neque
406 2598 468 2648 euim
478 2599 577 2664 eiropiee
588 2609 641 2650 eet:
658 2603 699 2651 eed
716 2611 778 2652 reete
795 2602 883 2652 iecturu
900 2602 1042 2662 horrentem
1058 2609 1141 2652 ooutre
1157 2609 1236 2668 turpe.
1268 2602 1349 2668 Turpe
1360 2603 1412 2668 qei-

318 2679 372 2726 deur
383 2689 419 2728 eet
430 2695 502 2744 prero
519 2695 547 2730 eo
564 2683 663 2746 turpiter
678 2683 791 2747 obequi:
809 2683 933 2732 houeetour
944 2697 999 2731 vero
1017 2683 1079 2730 bouo
1095 2689 1167 2747 etque
1183 2684 1291 2733 tooure.
1322 2683 1408 2732 Preree

318 2766 396 2806 eutem
407 2767 444 2808 eet
454 2768 543 2810 eruttor
554 2761 595 2810 iile
607 2763 717 2826 ruigerie‚
727 2764 770 2826 qui
780 2778 867 2827 corpur
878 2763 951 2827 roeqir
961 2777 1032 2828 quem
1044 2763 1147 2812 eruororu
1163 2771 1236 2812 eruet.
1252 2779 1331 2828 oeque
1339 2763 1408 2812 nutt-

317 2835 346 2882 iie
362 2845 408 2898 eet,
426 2853 479 2886 eum
496 2855 543 2887 reru
558 2851 668 2904 requetur
684 2843 780 2892 minime
796 2842 913 2892 etebiieru.
930 2854 983 2892 netu
999 2858 1053 2892 oure
1070 2843 1170 2908 priruuru
1187 2846 1294 2909 eorporie
1310 2845 1409 2908 spudeo.

317 2929 386 2979 quem
397 2916 511 2979 cupieret.
526 2919 668 2983 defloreeeit,
678 2923 737 2979 ebit.
747 2922 806 2970 nihii
825 2939 915 2980 mrum,
927 2939 981 2988 quer
999 2925 1142 2988 peomieeret,
1153 2939 1257 2974 eerreoe.
1290 2925 1409 2974 Bonum

317 3009 372 3043 rero
383 3011 471 3044 tuoru-
483 3006 572 3048 eruetur
583 3015 623 3064 per
633 3017 726 3050 oueueru
738 3003 809 3052 rimo
820 3004 846 3052 iu
857 3004 963 3052 emieitie
973 3015 1113 3070 pererrent,
1125 3013 1209 3069 utpote
1219 3005 1261 3070 qui
1273 3021 1321 3054 reue
1338 3005 1409 3053 etebi·

317 3073 363 3122 iero
382 3077 522 3128 eeetehetur.
556 3079 618 3130 letoe
635 3081 717 3147 utique
733 3083 806 3149 [idi]
821 3091 901 3134 eoetre
919 3085 956 3134 iee
970 3086 1095 3150 diiigenter
1110 3087 1244 3134 exeroioere
1261 3087 1374 3150 precipit,
1384 3093 1410 3134 et

317 3155 353 3202 hie
369 3171 455 3204 rnorem
469 3173 556 3222 gerere,
568 3161 621 3209 iiioe
630 3162 721 3227 fugere.
737 3173 762 3214 et
773 3167 816 3214 hor
826 3167 922 3230 quiden
933 3167 1000 3232 requi
1008 3165 1087 3230 jubet.
1098 3166 1152 3216 iiior
1171 3168 1262 3231 iugere,
1278 3166 1409 3230 dijudieeer

317 3245 340 3282 et
352 3235 497 3296 eternium,
513 3257 566 3304 que
577 3241 630 3304 quir
641 3252 705 3292 eruet
715 3253 739 3292 et
753 3259 807 3308 que
825 3245 850 3294 iu
866 3246 950 3310 quotie
967 3255 1080 3296 ementur.
1113 3244 1194 3312 Atque
1204 3249 1266 3296 berre
1275 3249 1305 3294 ob
1314 3262 1408 3296 neren

317 3314 416 3379 primum
427 3317 498 3368 tecite
508 3320 603 3385 citoque
613 3323 667 3386 cepi
679 3334 747 3389 turpe
757 3335 881 3387 ceueetur;
897 3336 925 3374 ut
936 3337 1030 3391 tempor
1038 3326 1178 3384 intercedet.
1192 3329 1256 3393 quod
1271 3327 1302 3376 ed
1321 3326 1408 3377 erenri-

315 3397 410 3444 ueudor
422 3413 496 3446 rnoree
517 3400 624 3464 eripitur.
640 3403 726 3452 deiude
742 3415 784 3452 eut
801 3407 951 3469 pecunieruto
967 3407 1037 3471 eopie
1055 3417 1096 3456 eut
1112 3407 1288 3472 megistretuuor
1304 3407 1411 3472 poteot'u

316 3476 372 3538 eepi
389 3477 513 3526 ebeurduru
525 3493 532 3527 z
550 3479 599 3528 tire
611 3481 693 3530 timore
703 3484 806 3546 quodem
819 3486 898 3548 potior
908 3501 978 3549 quem
988 3487 1108 3536 eoiuotete
1118 3487 1234 3537 irretietur
1243 3506 1251 3549 ς
1266 3488 1317 3538 eive
1327 3503 1411 3552 eooep·

317 3555 347 3604 tie
358 3557 464 3619 pecuniie
474 3557 630 3624 oiriiibuuqoe
641 3564 775 3612 muneribue
786 3564 907 3628 requiritie
918 3581 966 3614 oon
981 3575 1125 3617 eoutemoet.
1136 3569 1194 3616 nihii
1204 3569 1270 3616 enirn
1279 3585 1308 3618 ex
1320 3569 1410 3617 iieeoii·

316 3635 373 3683 duru
385 3637 522 3702 demumque
533 3656 583 3688 eree
594 3641 694 3700 ridetur,
705 3652 788 3706 pueter
804 3645 828 3694 id
846 3649 911 3709 quod
928 3648 958 3696 eb
969 3647 998 3696 iie
1014 3649 1117 3698 euricitie
1133 3664 1244 3713 qeneroee
1255 3651 1308 3698 oriri
1320 3650 1410 3714 nequit.

317 3713 372 3762 er
383 3715 462 3780 iteque
473 3719 601 3768 rotundum
614 3719 690 3784 legen
701 3731 802 3770 ooetreru
813 3725 850 3772 ein
861 3735 940 3784 restet.
949 3743 997 3791 que
1004 3729 1075 3776 eunti
1085 3729 1216 3777 eruentibue
1221 3729 1275 3793 jure
1286 3730 1412 3794 gretifioeri

317 3795 415 3856 pueeiot.
449 3796 542 3846 Etenim
554 3802 749 3862 quemedenoduru
762 3804 825 3866 epud
838 3821 881 3852 uoe
891 3806 922 3854 de
932 3807 1064 3856 ementibue
1075 3808 1111 3857 ier
1123 3808 1163 3857 iile
1173 3809 1244 3858 reiete
1253 3817 1298 3866 eet,
1309 3826 1358 3873 que
1373 3811 1410 3858 di·

316 3873 376 3922 uitur
387 3875 476 3924 nulium
489 3877 643 3928 nolunteriuru
663 3884 772 3930 eruetorie
791 3885 815 3931 iu
833 3893 935 3932 emeturu
952 3886 1089 3950 obeequiuur
1106 3888 1264 3938 eduietoriour
1279 3897 1305 3938 et
1322 3890 1410 3938 ieiune

318 3957 451 4017 puteuduui
462 3973 469 4004 z
486 3958 518 4006 eie
530 3967 555 4008 et
565 3959 612 4008 elie
623 3963 731 4025 quedem
742 3966 871 4012 ueuuduru
883 3965 959 4029 legem
970 3967 1101 4016 reiuuterie
1111 3969 1208 4017 eereitue
1219 3977 1363 4034 rueretque
1375 3970 1411 4018 ie·

315 4034 411 4084 semitm
430 4037 519 4086 uuiieru
535 4039 606 4088 eubit.
623 4042 673 4090 hee
689 4051 768 4092 eutem
784 4053 828 4106 eet,
838 4061 893 4109 que
907 4045 970 4094 eiree
980 4047 1087 4096 virtutem
1099 4057 1209 4097 terretur.
1242 4049 1306 4096 Nem
1326 4048 1410 4096 eoetrie

315 4113 407 4180 legibue
416 4125 453 4164 eet
462 4117 604 4178 institutum,
615 4121 635 4169 ei
645 4123 698 4186 quie
709 4123 766 4172 eeiit
777 4123 878 4188 eiiqueur
887 4125 974 4191 ooiere,
984 4135 1070 4191 puteus
1080 4127 1197 4192 perillum
1208 4129 1246 4176 rei
1258 4129 1283 4176 ie
1294 4128 1408 4192 repint'n

315 4195 417 4256 quedem
429 4197 466 4244 rei
478 4197 502 4247 iu
515 4199 561 4248 eiie
572 4201 655 4264 queeie
668 4209 733 4266 perte
744 4204 837 4252 virtutis
849 4205 971 4271 proficere,
983 4207 1042 4256 heoc
1059 4223 1135 4256 roreue
1146 4207 1301 4256 roiuuterien
1312 4207 1409 4256 eerrite·

316 4279 362 4320 tene
385 4289 461 4340 neque
481 4279 592 4328 dedecori
611 4281 720 4330 eereieuti
742 4282 801 4340 rore.
822 4299 900 4348 oeque
916 4285 1075 4336 eduietiuueru
1086 4286 1162 4336 eooeri
1179 4288 1276 4338 debere.
1308 4287 1410 4352 012⁰er

315 4357 392 4398 rutero
404 4354 445 4400 hee
456 4357 518 4420 iegee
530 4359 554 4406 iu
566 4361 627 4409 idern
638 4363 780 4420 eouduoere.
791 4364 854 4412 itum
865 4365 957 4416 eeiiiret
966 4368 997 4416 de
1007 4367 1147 4416 emtoribue
1157 4377 1182 4416 et
1192 4369 1293 4416 tenete
1303 4368 1409 4432 phiioeo-

315 4431 372 4494 i'bi!
381 4431 475 4497 ⁸litque
488 4439 570 4492 uirtute
582 4442 748 4508 eooreriptem‚
761 4445 780 4494 ei
791 4446 839 4496 uile
850 4446 939 4498 retioue
950 4449 1085 4514 ooutiogere
1097 4449 1178 4514 debet,
1189 4457 1215 4498 ut
1224 4450 1311 4500 deoeet
1320 4457 1412 4500 enter
