3150 5316
164 531 221 612 ur]
640 531 803 596 nunno.
1200 501 1260 600 '44'7

164 685 289 738 hominess
306 685 360 754 (sed
373 693 396 736 ts
413 699 477 736 sono
493 685 619 736 duoentetn
635 695 773 750 prosecutus
787 700 839 737 som
848 685 870 752 r)
886 685 957 736 immo
967 703 1021 738 seso
1038 689 1063 739 in
1074 689 1120 740 iioo
1130 688 1261 740 similitudo

166 767 284 826 ooosistit,
294 769 391 832 qusndo
400 767 512 820 eldelioet
527 768 581 832 quis
596 768 685 832 sbsque
701 767 818 817 rstionum
834 776 884 818 srte
899 769 1026 818 crediderit
1034 770 1146 820 ustionem
1157 771 1259 836 sliqusm

166 863 219 896 esso
229 849 367 906 sersmmd
385 847 456 913 psuio
473 855 528 913 post
544 856 658 912 sppsrest
673 847 750 897 islssr
769 864 823 912 qun
839 849 935 913 quidem
952 849 1080 914 sliqusndo
1096 849 1149 898 telis
1159 861 1205 915 est,
1215 851 1259 900 sii·

164 929 262 993 qundo
283 927 388 986 minime,
410 937 436 978 et
456 943 533 977 rursus
554 927 627 978 slters
647 925 753 976 similiter
767 933 838 991 utque
854 928 936 978 slters.
968 927 1155 994 Preoipuevero
1172 930 1218 979 iilis
1235 931 1260 980 id

162 1009 254 1070 evenit,
263 1007 306 1074 qui
322 1009 446 1073 plurimum
462 1007 565 1060 rstinoes
580 1007 771 1058 oontrsdiotoriss
786 1007 886 1071 uginus.
903 1010 946 1058 isos
963 1009 1025 1058 onim
1042 1009 1088 1060 sois
1098 1015 1189 1074 potsre,
1206 1017 1259 1058 tsn-

164 1089 220 1138 den
235 1105 261 1138 ss
279 1088 464 1154 sepientissimos
482 1089 592 1144 esssiseo,
614 1081 723 1150 solosdue
745 1087 937 1138 suimsdsestisse
959 1105 1036 1153 neqsm
1052 1089 1079 1138 in
1098 1089 1167 1138 rebus
1183 1104 1261 1154 neque

163 1169 189 1220 in
217 1169 347 1219 rationibus
368 1183 419 1218 esse
432 1183 517 1236 ymnum
539 1167 630 1232 siiquid
652 1167 825 1228 euristeum,
852 1169 894 1217 sed
911 1167 990 1217 omnis
1006 1184 1085 1218 resero
1100 1177 1212 1234 tsuqusrn
1233 1169 1259 1217 is

166 1249 256 1316 Euripo
267 1265 356 1300 sussum
365 1249 521 1311 deorsumque
528 1247 623 1312 jsotssi,
635 1247 772 1313 nullumque
783 1255 876 1313 ternpus
886 1248 911 1296 in
922 1248 1002 1313 sliquo
1014 1263 1157 1312 pesmsnere.
1189 1250 1264 1300 ΡΜ.

158 1331 235 1386 ,νοω
247 1330 346 1400 nimium
363 1328 473 1394 loqueris.
505 1329 548 1378 So.
564 1327 652 1378 Nonne
668 1328 783 1392 egritudo
799 1330 858 1386 ineo,
869 1329 987 1393 Pbedou,
1002 1329 1140 1378 misersbiiie
1154 1339 1225 1388 esset,
1241 1329 1261 1378 si

165 1427 221 1462 enm
230 1411 291 1462 rstio
307 1411 388 1476 siiqus
397 1426 453 1460 sess
469 1411 580 1476 firmeque
595 1410 628 1459 sit
642 1411 858 1475 comprehendique
869 1410 955 1468 vsiest,
972 1418 1056 1476 postes
1074 1418 1161 1468 temen,
1172 1411 1260 1460 suditis

163 1491 330 1557 hujnsoomodi
339 1489 478 1548 rstlnuibss,
488 1506 542 1556 qun
553 1491 624 1540 modu
634 1491 716 1540 sti'erre
727 1505 790 1548 vers,
799 1491 871 1540 modu
881 1491 940 1540 lslss
950 1492 1067 1550 videntur,
1076 1491 1161 1557 siiquis
1168 1493 1223 1542 bino
1233 1493 1258 1540 in

163 1572 343 1637 ambiguitatem
353 1572 478 1630 deductus,
489 1587 537 1620 noo
547 1572 662 1636 seipsum,
673 1587 750 1636 neque
761 1571 813 1636 ejus
823 1570 930 1620 inestlsm
945 1571 976 1621 ob
992 1571 1017 1620 ld
1033 1579 1137 1630 musei,
1147 1573 1190 1621 sed
1206 1579 1259 1622 tsn-

142 1701 149 1712 ,
162 1653 220 1702 dem
231 1653 296 1702 velut
312 1668 373 1716 eger
388 1651 488 1702 libenter
503 1649 597 1714 euipsm
613 1666 707 1700 omnmo
720 1650 824 1716 sseipso
835 1650 860 1699 in
872 1650 936 1716 ipses
946 1650 1068 1700 trsnsierst
1076 1649 1186 1710 ntiooes,
1196 1661 1223 1702 et
1232 1653 1258 1702 in

161 1731 254 1797 reliquo
265 1731 313 1782 vits
323 1747 363 1781 ess
373 1731 430 1782 odio
442 1732 527 1782 bsbest
536 1740 609 1798 stque
619 1733 745 1797 vituperet,
753 1747 828 1782 retum
836 1731 887 1795 jsrn
895 1731 999 1798 ipserum
1007 1731 1103 1782 reritste
1113 1732 1259 1799 scientisque

162 1809 280 1878 privstos.
314 1812 385 1862 Ρη.
401 1812 448 1863 Per
457 1813 543 1864 iorem
556 1811 691 1862 mlsessbilis
707 1812 829 1878 egritudo.
860 1813 903 1862 so.
919 1811 948 1862 in
965 1812 1045 1876 primis
1053 1811 1125 1878 igitur
1135 1813 1260 1879 diligenter

162 1892 189 1942 ld
200 1907 334 1950 osvnmns,
344 1909 376 1943 sse
392 1895 573 1960 pessnsdesmns
590 1895 658 1946 nobie
677 1893 734 1944 nihil
751 1894 777 1942 in
793 1893 923 1944 redonibus
939 1909 992 1942 esse
1007 1908 1107 1955 ssnnm;
1123 1895 1166 1943 sed
1182 1897 1257 1946 multo

163 1976 248 2040 snsgir,
259 1973 365 2027 noudum
381 1991 432 2026 ssso
448 1991 492 2026 nos
508 1991 586 2026 ssnos.
619 1975 704 2040 iisque
720 1975 776 2024 totis
788 1976 882 2034 viribus,
892 1985 920 2023 ut
934 1973 985 2022 ssni
996 1973 1132 2038 efficiemur,
1142 1977 1256 2026 ostsnni.

164 2057 281 2104 tendum:
300 2055 343 2104 tibi
353 2055 450 2126 quidem
461 2065 488 2106 ot
502 2055 555 2107 silis
571 2056 644 2107 totinn
659 2057 756 2121 reliqum
766 2057 821 2106 uite
837 2057 921 2122 grstis,
932 2055 993 2105 milri
1001 2071 1057 2106 vero
1072 2056 1146 2120 gretie
1161 2057 1257 2108 mortie:

164 2135 222 2201 [ut]
239 2136 281 2200 qui
289 2135 315 2184 in
326 2133 432 2200 periculo
441 2151 504 2197 som,
513 2153 544 2188 ne
560 2137 585 2188 in
601 2138 647 2188 bos
663 2139 715 2203 ipso
732 2145 838 2206 tempore
848 2153 896 2187 non
907 2144 935 2188 ut
944 2136 1111 2202 philosophum
1121 2153 1159 2186 rue
1169 2153 1257 2202 gemm,

163 2217 205 2266 sed
217 2223 244 2265 ut
253 2215 427 2286 eontentiospm
438 2225 511 2282 sique
521 2219 681 2284 pertinseem5
697 2220 762 2284 quod
780 2218 876 2284 quidem
888 2218 993 2267 homines
1002 2233 1017 2266 s
1026 2215 1152 2282 disoipiins
1163 2217 1257 2267 slienie-

162 2295 215 2346 simi
226 2297 302 2346 iseern
313 2296 398 2348 solent.
430 2297 469 2348 iili
480 2298 552 2357 enirn,
564 2299 605 2349 nbi
615 2298 695 2364 sliqus
705 2299 737 2347 de
747 2313 771 2348 se
787 2296 922 2362 subigitur,
932 2311 980 2346 nen
995 2302 1023 2345 ot
1038 2311 1074 2346 ses
1091 2297 1152 2362 ipss,
1161 2313 1209 2363 qus
1224 2299 1256 2348 de

162 2377 284 2440 sgitnr‚se
295 2375 382 2426 hebent
391 2385 489 2438 curent,
505 2379 547 2427 sed
566 2387 602 2438 ut,
613 2394 666 2444 qun
685 2385 815 2444 posuerunt
830 2377 885 2443 ipsi,
895 2376 1050 2443 presentibus
1061 2377 1184 2428 videsntur
1193 2395 1257 2439 vers,

162 2457 250 2506 obnixo
259 2457 417 2506 oontendont·
448 2456 529 2522 Atque
540 2474 586 2524 ego
602 2459 659 2508 mibi
670 2459 753 2508 videos
767 2457 794 2506 in
810 2459 856 2508 hoo
872 2457 987 2506 duntssst
995 2457 1021 2506 in
1032 2457 1158 2523 presentis
1167 2459 1198 2506 sb
1208 2458 1256 2508 iilis

160 2536 265 2596 differre,
275 2537 340 2602 quod
357 2550 416 2601 non,
426 2543 453 2586 ut
469 2537 624 2601 presentibus
641 2539 737 2602 probem
753 2553 792 2597 es,
802 2552 856 2602 qun
871 2537 936 2597 dieo,
947 2538 1048 2596 snoitsr,
1064 2538 1125 2602 (nisi
1140 2547 1256 2604 qustenus

160 2617 221 2668 leste
231 2615 433 2682 eontigerit,)sed
445 2624 472 2666 ut
483 2616 540 2666 mibi
557 2617 603 2683 ipsi
613 2632 669 2667 vers
683 2633 755 2684 qusm
770 2617 870 2669 menime
879 2618 1011 2668 sidesntur.
1043 2618 1084 2669 Sin
1094 2619 1157 2668 enim
1166 2621 1257 2685 cogito,

158 2699 240 2758 duleis
250 2698 344 2760 smioe;
360 2705 386 2748 et
396 2697 451 2748 side
467 2706 557 2766 qusnte
572 2714 627 2750 oum
644 2699 708 2749 lucro
720 2699 752 2748 sit
766 2699 825 2748 sstio
842 2715 902 2750 ntes.
935 2699 963 2748 Si
978 2699 1038 2750 inste
1047 2715 1103 2750 sess
1118 2709 1183 2759 snut,
1200 2716 1255 2764 quse

161 2780 226 2844 dieo,
235 2795 314 2845 operm
325 2779 426 2845 pretium
436 2787 473 2830 est
483 2780 517 2830 its
535 2781 648 2830 crederer
664 2781 700 2830 sin
718 2789 797 2830 summ
813 2780 870 2830 nibil
887 2788 993 2847 superest
1007 2789 1063 2846 post
1079 2787 1185 2845 motem,
1195 2789 1256 2830 stts·

161 2875 216 2910 nren
227 2861 273 2911 hoo
282 2861 361 2926 ipsum
373 2867 466 2926 tempos
475 2869 532 2911 sote
541 2861 631 2911 obitum
643 2859 796 2925 presentibus
806 2860 885 2912 minus
900 2877 940 2912 ero
957 2860 1068 2912 molestus
1080 2862 1202 2926 minusque
1213 2861 1256 2909 de·

162 2939 268 3006 plorsbo.
301 2940 457 3000 ileovsutem
474 2941 607 3006 ignorantis
622 2943 718 2992 minime
736 2943 895 3008 perseressbit
905 2941 1255 3008 mecum,(mslumidquidem

159 3020 246 3087 esset,)
261 3023 303 3072 nd
319 3021 393 3086 psulo
410 3030 465 3086 post
479 3023 606 3076 delebitur.
637 3025 677 3076 ste
692 3025 837 3091 equidem,o
853 3023 960 3083 Sirenis,
971 3031 1108 3091 psntus,et
1123 3023 1208 3081 Cebes,
1219 3039 1255 3071 se·

161 3102 280 3152 restored
290 3101 470 3168 dispotsndnm.
503 3105 555 3154 Vos
566 3111 654 3163 umen,
668 3107 689 3156 si
707 3107 765 3156 mihi
777 3105 945 3163 sesentissnini,
955 3119 1004 3152 non
1014 3104 1104 3153 Soesnti
1114 3104 1201 3162 cedite,
1212 3104 1255 3153 sed

160 3183 266 3246 redisti,
282 3183 377 3234 sienim
389 3201 468 3234 vesum
479 3185 547 3236 vobis
559 3186 625 3252 ioqui
637 3187 743 3250 videbor,
751 3186 891 3236 concedito:
908 3185 945 3232 sin
956 3183 1043 3245 minus,
1053 3183 1149 3232 omnino
1160 3191 1254 3232 contus-

157 3265 241 3322 dioite,
251 3265 377 3330 diligentes
389 3273 509 3324 essenteo,
520 3281 550 3316 no
560 3282 607 3332 ego
623 3268 679 3316 duro
697 3267 799 3323 renitor,
812 3265 926 3329 meipsum
942 3263 1011 3312 simui
1022 3279 1111 3328 vosque
1126 3263 1254 3327 decipism,

157 3353 183 3393 et
193 3344 259 3393 velut
268 3359 334 3408 spes,
346 3346 430 3395 senleo
441 3345 468 3395 in
478 3345 545 3395 robis
556 3347 646 3404 relicto,
660 3347 752 3398 sbesm.
785 3344 889 3409 Sedjsm
899 3343 1060 3394 accedendum
1071 3350 1116 3392 est.
1148 3343 1251 3392 Primum
1318 3331 1320 3336 ¹

158 3424 256 3491 quidem
267 3425 366 3490 redigite
376 3427 403 3476 iu
413 3426 549 3476 memoriam
561 3427 628 3486 mibi,
638 3442 692 3491 qum
703 3427 826 3486 dicebatis,
837 3425 858 3476 si
874 3425 952 3512 prinus
967 3423 1098 3494 meminisse
1109 3423 1177 3472 robis
1187 3423 1253 3472 side·

160 3505 210 3555 bor.
243 3505 352 3556 Sirnmiss
362 3507 469 3572 quidem,
480 3515 507 3558 ut
517 3507 623 3566 srbitros,
633 3508 721 3558 diffidit
735 3523 763 3557 sc
779 3507 872 3566 metuit,
882 3522 913 3555 ne
931 3505 1018 3564 suiuus,
1026 3504 1132 3569 quemvis
1150 3504 1253 3554 divinior

157 3585 325 3652 pulchriorque
340 3603 446 3652 eorpose,
456 3589 522 3654 prius
539 3597 617 3638 temen
634 3603 677 3653 pro
693 3588 820 3636 hermonim
836 3595 919 3636 nsturs
937 3586 1044 3660 interest.
1078 3585 1155 3636 Cebes
1173 3592 1252 3634 sutem

157 3665 288 3716 mibisinns
297 3675 334 3716 est
344 3671 475 3718 oouoedere
486 3669 656 3720 diuturniorem
672 3683 724 3718 esse
740 3669 842 3718 snimom
858 3683 973 3732 torpore3
988 3667 1031 3716 sed
1043 3665 1181 3716 irissddidit
1191 3668 1252 3717 scire

157 3761 229 3811 posse
239 3747 368 3808 neminem,
378 3765 409 3798 no
426 3765 479 3799 com
497 3751 571 3800 mults
586 3751 672 3816 sepius
689 3749 860 3814 consumpserit
877 3764 983 3813 eorpors,
995 3749 1090 3797 tsndem
1108 3749 1252 3813 qusndoquo

153 3834 299 3891 postremum
310 3829 446 3895 relinquens
457 3845 543 3895 oospos
554 3831 606 3896 ipss
616 3847 713 3897 quoque
724 3839 814 3896 penest,
824 3838 895 3895 etque
912 3845 973 3879 mors
990 3828 1109 3893 ejusmodi
1120 3836 1210 3878 tsutum
1220 3829 1252 3878 sit

155 3907 264 3957 interitus
274 3909 377 3971 suimse;
393 3925 480 3976 corpus
490 3927 545 3961 vero
561 3913 656 3962 dissolvi
672 3912 785 3962 continue
801 3911 955 3962 consueverit.
988 3908 1030 3959 Au
1038 3925 1089 3960 non
1100 3911 1151 3960 hoe
1160 3917 1225 3968 sunt,
1236 3925 1252 3958 o

155 3987 253 4038 Simmis
270 3997 296 4038 et
310 3989 397 4048 Cebes,
408 4007 461 4056 qum
474 3995 525 4041 'nos
544 4001 638 4057 oportet
656 3993 821 4047 consideraret
852 3991 912 4041 Suu.
929 4007 961 4040 nr
978 3989 1024 4042 cs.
1041 3989 1250 4054 confitemurpso·

154 4067 232 4124 tecto,
259 4068 302 4119 So.
319 4071 367 4120 Sed
381 4073 489 4137 nunquid
506 4075 594 4131 omnis,
605 4089 659 4138 qun
675 4075 740 4124 diets
759 4075 784 4124 iu
802 4073 959 4139 superioribus
974 4071 1076 4136 tuerent,
1094 4072 1207 4137 negetis?¹
1219 4085 1250 4120 sn

156 4147 266 4214 quodem
277 4151 377 4212 negstis,
388 4153 431 4200 sod
442 4154 576 4202 conceditis
586 4153 652 4202 siis?
684 4154 744 4206 Sus.
762 4171 794 4204 ιτ
811 4153 857 4204 Cn.
873 4153 989 4212 Queusu
1000 4152 1082 4216 procul
1094 4150 1176 4202 dubio.
1208 4150 1252 4203 So.

155 4227 223 4288 Quid
233 4227 305 4292 igitu
315 4229 347 4278 de
357 4247 396 4288 eo,
406 4234 471 4296 quod
483 4233 633 4299 disciplinsm
654 4235 756 4284 diximus
771 4235 969 4286 reminiscentisus
984 4247 1052 4294 esse;
1068 4241 1139 4298 etque
1150 4232 1171 4282 si
1181 4232 1214 4280 its
1224 4245 1251 4280 se

150 4390 321 4456 ¹elsnderotur?
354 4392 401 4442 Cs.
417 4392 483 4443 Mihi
494 4394 589 4458 quidem
601 4396 664 4444 istud
676 4397 733 4446 dum
749 4397 849 4453 diceres,
860 4393 956 4444 mirilico
973 4393 1077 4458 plscuit:
1094 4401 1166 4456 sique
1177 4408 1249 4450 nunc,

156 4472 233 4537 siqus
254 4488 356 4539 unqusrn
374 4474 398 4522 iu
416 4473 471 4534 slis,
483 4476 507 4523 iu
526 4476 570 4525 hsc
588 4477 686 4526 maxime
703 4478 819 4527 sententis
838 4491 969 4541 permaneo.
1002 4475 1062 4524 Ssss.
1078 4471 1189 4522 Similites
1204 4489 1250 4538 ego

155 4569 250 4620 quoquo
268 4555 369 4610 sffeotus
385 4571 436 4610 sum
444 4575 453 4622 5
470 4558 665 4627 vehementerque
682 4559 816 4624 nimirum,
827 4560 848 4610 si
867 4558 924 4610 mibi
935 4571 1039 4624 unqusm
1051 4555 1094 4606 hse
1104 4555 1136 4606 rie
1147 4571 1172 4608 re
1182 4555 1250 4606 siiter
