3138 5300
119 545 192 628 soa]
536 535 828 612 nurnrnnrsna
1158 557 1222 618 vsos

117 703 196 755 diendi
206 701 318 754 ariditate
331 701 438 768 pmtinus
449 702 615 762 indemnatus,
628 705 725 754 Prorsus
735 705 768 754 ite
776 713 821 764 est,
830 703 935 772 iuquam.
953 705 1009 755 telis
1017 723 1102 772 nempe
1109 709 1218 774 qbedsns

116 801 167 835 mas
177 793 239 835 sunt.
264 783 380 848 Nunqnid
392 783 503 832 animalia
514 785 621 834 uonrinas
632 785 672 833 ills
683 801 737 850 qnae
748 787 849 834 enimam
860 787 948 835 habent
959 787 968 834 ἓ
985 786 1031 835 ΙΙΙι
1041 787 1103 852 ipss.
1125 789 1215 838 Fateris

116 867 185 930 igitur
194 881 222 914 es
234 864 374 914 animalibus
385 864 425 913 ills
435 865 558 912 dumtaxat
569 879 620 914 ease
628 873 677 922 tua,
689 866 815 931 circaque
826 874 894 930 potes
904 867 956 916 hec
968 867 1144 925 omisissem,
1160 885 1216 932 quse

117 947 187 996 modo
198 946 325 995 dicebam?
342 943 436 996 Fateor.
453 945 501 994 iiic
513 945 553 994 ille
563 945 652 994 ironice
663 947 790 994 admodum
801 948 905 1012 seipsum
917 949 1016 1013 recepit,
1028 948 1094 1012 qnasi
1107 960 1219 1013 magnum

116 1021 226 1091 quiddam
237 1025 455 1090 contemplaturus:
472 1025 560 1074 deinde
571 1025 612 1084 ait,
624 1025 671 1075 Dic
683 1041 727 1090 ege
738 1027 803 1085 milri,
814 1043 829 1075 o
845 1029 960 1086 Socrates,
971 1035 1038 1078 estne
1049 1029 1093 1077 tibi
1103 1029 1220 1095 iuppiter

116 1107 220 1171 patrius?
236 1107 311 1172 Atqui
322 1123 368 1170 ego
377 1107 512 1170 suspicatus
522 1121 552 1154 eo
569 1114 734 1170 perventurum
750 1123 802 1156 essa
812 1123 942 1156 sermonem
953 1125 1002 1174 quo
1012 1109 1118 1173 devenit,
1133 1117 1158 1158 et
1176 1125 1220 1176 per

115 1187 247 1252 ambiguum
258 1188 378 1253 quoddam
390 1187 554 1236 diverticulum
570 1187 692 1244 accedens,
707 1195 756 1236 tete
767 1187 896 1252 implicitus
913 1205 950 1238 sue
961 1189 1080 1253 convolvi,
1091 1189 1217 1254 respondi·

114 1283 170 1332 qna,
187 1267 244 1317 Non
261 1277 307 1333 est,
325 1282 340 1316 o
358 1267 536 1332 Dionysodoro.
570 1265 654 1326 Miser,
673 1268 760 1332 inquit,
780 1269 850 1316 borno
866 1285 900 1328 es,
915 1285 993 1334 neque
1003 1269 1165 1332 Atheniensis,
1176 1269 1216 1318 eni

115 1363 192 1414 neque
201 1349 237 1398 dii
246 1349 316 1413 patrii
327 1356 383 1397 sont
393 1363 471 1414 neque
481 1363 546 1396 sacra
556 1362 634 1411 neque
644 1347 709 1397 eliud
726 1348 853 1412 quicquam
871 1349 1007 1413 preclarum
1024 1357 1095 1413 etque
1107 1349 1216 1414 magniss-

115 1445 178 1480 eurn.
211 1429 292 1486 Mitte.
303 1430 410 1493 inquam,
420 1428 473 1493 lats,
486 1427 662 1493 Dionysodose,
673 1443 704 1478 ne
723 1428 783 1478 mela
794 1429 914 1495 ominosis,
925 1445 1003 1495 neque
1018 1429 1218 1480 acritorcruslies.

116 1511 178 1560 Sunt
187 1509 276 1560 etenim
287 1511 344 1560 mibi
355 1517 380 1559 et
390 1523 436 1558 are
446 1517 470 1557 et
481 1523 546 1558 sacre
556 1508 685 1558 domestice
696 1510 827 1573 petrisque,
838 1509 928 1574 etatis,
940 1523 1088 1575 qrreennqne
1098 1508 1123 1558 id
1139 1523 1216 1574 genus

116 1591 302 1640 Atheniensibus
310 1591 407 1640 adeunt.
439 1589 538 1646 Ceteris.
549 1590 635 1654 inquit,
652 1589 839 1638 Atheniensibus
848 1597 884 1639 cst
895 1591 984 1654 patrius
993 1590 1123 1654 Juppiter?
1156 1587 1179 1640 N
1183 1605 1215 1638 orr

115 1678 162 1734 est,
179 1672 284 1734 inquam,
302 1671 365 1735 apud
385 1669 457 1718 ionas
473 1668 526 1718 talis
543 1670 728 1734 cognominatio,
746 1685 824 1734 neque
843 1671 907 1734 apud
925 1685 976 1730 eos,
995 1671 1036 1737 qui
1054 1673 1098 1720 bac
1115 1687 1143 1720 ea
1161 1671 1219 1719 urbe

117 1758 251 1809 manarunt,
262 1765 340 1816 nequa
350 1751 415 1815 apud
427 1765 487 1799 noas
504 1750 545 1798 sed
557 1749 646 1816 Apollo
657 1750 744 1814 patrius
757 1759 852 1815 propter
869 1751 935 1800 ionis
952 1752 1091 1816 genituram.
1107 1749 1220 1816 iuppiter

116 1839 196 1881 entem
207 1833 277 1881 nobis
288 1831 377 1896 patrius
387 1847 435 1881 non
447 1839 552 1888 roratur,
564 1838 683 1895 protector
694 1832 757 1880 urbis
769 1839 848 1879 temen
858 1839 882 1881 et
894 1841 986 1880 curator
998 1833 1071 1881 tribus
1082 1840 1119 1882 est
1127 1833 1217 1894 dictus,

117 1917 142 1960 ct
151 1911 226 1960 tribus
235 1911 336 1961 onmtris
347 1911 468 1964 Minerva.
499 1911 542 1980 §st
551 1917 596 1968 est,
607 1911 684 1976 inquit
694 1909 886 1975 Dionysodorus.
901 1923 938 1961 est
948 1911 1011 1962 enim
1019 1912 1072 1970 tibi,
1080 1913 1217 1972 uniuntur,

118 1990 216 2055 apollo,
225 1989 338 2056 iuppiter
348 2000 372 2041 et
384 1991 501 2042 Minerva.
535 1993 650 2041 Omnino.
682 1990 723 2040 An
741 2007 789 2038 non
807 1991 840 2040 ιιιῑ
852 1991 891 2039 isti
908 2000 977 2042 erunt
992 1992 1041 2042 dii?
1057 1994 1220 2057 progenitores

118 2071 229 2121 videlieet
245 2081 317 2137 atque
336 2072 445 2122 domini?
462 2073 550 2124 Nonne
567 2073 622 2123 tul?
639 2072 680 2122 An
698 2087 746 2121 non
763 2081 817 2120 tuos
835 2087 887 2121 esse
897 2073 1017 2122 confessus
1028 2074 1072 2123 esi
1090 2073 1219 2124 Confessus

117 2167 177 2202 acm.
194 2154 253 2219 quid
274 2153 342 2204 tunsi
366 2153 454 2204 Nonne
475 2154 587 2203 animalia
608 2153 647 2202 isti
668 2155 702 2202 dii
723 2155 796 2202 aunt?
822 2153 959 2203 concessisti
982 2169 1050 2218 porro
1070 2167 1221 2218 quecunque

117 2235 220 2283 animam
237 2237 333 2295 Ιιιδειιι,
345 2235 456 2285 animalia
465 2251 524 2286 esse.
541 2235 582 2284 isti
598 2251 653 2284 vero
664 2235 699 2282 dil
711 2249 760 2283 non
778 2235 866 2284 habent
884 2235 1004 2284 animam?
1022 2233 1119 2284 liabent
1129 2233 1221 2298 utique·

119 2315 180 2364 Sunt
189 2315 260 2380 igitur
270 2317 397 2366 animalia?
414 2317 475 2366 Sunt
485 2325 557 2366 certe.
590 2315 626 2364 Ea
635 2315 774 2365 animalibus
785 2323 864 2364 autem
875 2315 918 2365 ills
929 2324 971 2364 tua
980 2330 1032 2365 esso
1042 2314 1150 2372 dicebas,
1159 2329 1221 2378 qno·

119 2410 169 2444 mm
187 2397 252 2459 apud
272 2404 295 2447 te
314 2404 377 2446 esset
394 2403 507 2461 potestas,
526 2406 553 2446 nt
573 2412 615 2462 pro
635 2396 731 2446 arbitrio
749 2397 872 2458 rendercs,
889 2394 1003 2459 largireris
1013 2395 1109 2461 aliisque
1119 2394 1220 2444 dicares.

119 2475 248 2532 iieoussse¹
264 2475 425 2541 Euthydeme,
435 2491 484 2526 uon
496 2491 601 2540 ροιιιιιιι,
609 2478 667 2541 quin
679 2478 725 2525 iste
735 2475 899 2529 concesserim.
932 2475 1017 2525 Statim
1028 2476 1069 2524 ille
1079 2476 1113 2524 sio
1123 2474 1221 2523 intulitr

117 2554 249 2620 Postquam
260 2564 325 2604 tunm
336 2571 387 2605 asse
405 2557 491 2607 iorem
501 2564 603 2621 tuosque
613 2571 664 2605 essa
680 2566 705 2606 et
715 2557 775 2604 alios
791 2557 870 2605 istoria
887 2557 954 2613 deos,
966 2555 1052 2605 licetne
1063 2555 1107 2604 tibi
1118 2553 1222 2603 sandeta

119 2637 175 2686 illos
190 2645 265 2701 etque
282 2637 354 2703 [soa]
371 2636 449 2702 largiri
467 2646 492 2686 et
511 2652 554 2702 pro
577 2637 675 2686 libidine
692 2645 743 2702 tus,
761 2646 788 2686 ut
808 2637 918 2686 animalia
937 2645 1015 2686 cetera
1031 2650 1085 2702 que
1101 2641 1143 2683 tua
1159 2641 1224 2692 sunt,

120 2718 238 2768 mre?
256 2717 308 2783 Epo
319 2717 399 2784 igitur,
408 2717 484 2775 Crito,
495 2726 607 2782 tanquam
619 2733 725 2768 sermone
739 2733 861 2783 peronam
872 2718 987 2767 obmutui.
1004 2716 1132 2780 Clesippus
1143 2723 1223 2764 eutem

119 2813 254 2849 succurrere
266 2799 324 2847 mlbi
334 2807 433 2848 conatus
443 2799 486 2857 eit,
496 2799 581 2863 Papae,
592 2815 635 2864 pro
647 2799 771 2862 Hercules,
781 2813 852 2864 quam
864 2798 1052 2864 preclusissimus
1068 2795 1160 2846 sermo!
1180 2795 1220 2844 rid

121 2895 191 2943 quens
204 2879 397 2946 Dionysodorus,
409 2879 493 2930 Utrum
504 2879 620 2931 Hercules
631 2895 727 2946 pnpreua
738 2887 783 2938 cst,
795 2895 825 2928 sn
836 2895 934 2944 pepeue
945 2877 1078 2928 Hemnles?
1110 2876 1179 2926 Tunc
1191 2876 1226 2925 alt

118 2951 259 3024 Clesippus,
271 2959 317 3008 Pro
327 2959 452 3025 Neptune,
462 2976 532 3026 quem
544 2963 616 3010 tortes
632 2959 734 3024 durique
750 2960 882 3009 sormones!
900 2959 991 3010 desisto
998 2958 1058 3023 jam.
1073 2957 1223 3022 inexpugna-

122 3039 179 3088 biles
191 3039 309 3090 visisunt.
342 3039 391 3090 iilo
402 3041 517 3104 proiecto,
533 3042 608 3091 amice
628 3041 703 3098 Crito,
715 3040 794 3089 nnllns
813 3040 962 3104 presentium
980 3039 1101 3088 confisera
1120 3039 1181 3092 ultra
1197 3053 1224 3087 se

123 3121 208 3183 potuit,
220 3121 280 3186 quin
297 3121 389 3170 illorum
401 3122 529 3171 orationem
542 3123 648 3172 laudibus
666 3123 763 3172 sommis
774 3122 913 3170 extolleret:
931 3126 956 3170 et
965 3120 1071 3184 hospites
1081 3118 1117 3168 illi
1127 3118 1224 3182 Diony-

123 3202 220 3252 sodorus
240 3201 452 3268 Euthydemusqrre
472 3202 527 3258 risu,
546 3205 645 3268 strepitu
664 3211 690 3252 et
710 3201 792 3252 lsetitis
810 3202 944 3252 exultantes
962 3200 1139 3264 gestientcsqne
1152 3197 1226 3246 ierme

124 3282 219 3332 resoluti
240 3291 302 3330 sunt.
335 3282 365 3331 In
385 3283 543 3348 superioribus
561 3297 673 3347 nemque,
691 3285 748 3331 dum
768 3281 861 3346 singula
879 3280 1064 3344 proferebantur,
1082 3277 1127 3326 soli
1145 3291 1226 3326 eornm

124 3372 251 3412 sectatores
269 3365 375 3428 protinus
394 3363 581 3428 applaudebant.
599 3363 637 3412 lric
655 3371 733 3411 autem
750 3377 820 3424 pene
838 3359 898 3425 ipse
915 3373 1012 3424 quoque
1029 3356 1228 3422 Lyciicoinmnss

121 3443 281 3501 concinnare,
304 3445 415 3508 plaudere
438 3444 570 3508 gestireqne
593 3443 740 3492 ridebantur.
774 3441 827 3506 Ego
846 3441 943 3505 quidem
965 3439 999 3488 sia
1021 3437 1120 3487 afferma
1139 3435 1183 3492 l'ui,
1199 3441 1227 3484 nt

121 3537 248 3575 emererem
267 3525 346 3574 nullos
363 3539 466 3589 unquam
484 3525 591 3573 homines
610 3523 661 3588 pari
679 3522 796 3588 sepientis
814 3537 851 3570 nse
870 3521 964 3570 sitiisse.
996 3519 1073 3585 arqui
1091 3525 1116 3567 et
1132 3516 1225 3566 illorum

125 3606 250 3670 sapientise
262 3607 356 3671 penitus
367 3605 524 3671 mancipetur,
535 3605 631 3654 laudare
644 3605 697 3652 illos
713 3609 738 3652 et
748 3603 865 3653 celebrere
874 3617 1021 3666 summopere
1031 3601 1105 3666 cupi.
1137 3597 1162 3646 0
1174 3597 1226 3655 riri.

125 3685 233 3751 inquam,
250 3687 282 3736 ob
300 3687 369 3736 miras
384 3687 454 3736 dotes
472 3695 561 3736 nature
581 3685 653 3744 besti,
671 3685 761 3751 quippe
776 3683 818 3749 qui
829 3699 876 3733 reru
887 3690 977 3732 tantam
988 3691 1035 3731 tam
1046 3680 1116 3732 insila
1132 3689 1227 3744 umque

126 3770 189 3818 brevi
200 3776 306 3832 ternpore
316 3768 466 3818 absolvistis!
485 3767 564 3816 irlulta
575 3767 672 3832 quidem
682 3775 707 3816 et
719 3765 765 3815 alin
775 3773 831 3814 sunt
841 3765 866 3814 in
876 3766 959 3814 reatris
968 3763 1121 3820 sermonibus,
1132 3759 1227 3824 Enthy-

127 3847 197 3897 desne
208 3848 434 3914 Dionysodoreqne‚
445 3847 571 3913 preclara:
584 3847 608 3897 ln
619 3848 705 3913 quibus
716 3849 740 3896 id
751 3846 871 3911 precipue
879 3845 1026 3910 magnilicnns
1035 3851 1079 3902 eat,
1087 3842 1152 3906 qnod
1162 3840 1228 3890 nulla

125 3929 195 3977 vobis
205 3943 262 3978 eura
272 3937 307 3976 est
318 3928 443 3978 multomm
454 3928 585 3992 hominum,
595 3928 637 3993 qni
647 3927 750 3976 illustres
760 3927 893 3988 hebernum
910 3927 951 3974 aeri
963 3925 1072 3974 similium
1084 3921 1149 3970 robis
1159 3922 1228 3970 ‹lum-

127 4015 202 4058 taaet.
238 4007 352 4071 Equidem
362 4017 427 4057 certo
439 4009 498 4064 atio.
510 4025 628 4058 sermones
639 4008 774 4074 hujusmodi
785 4021 875 4073 paucos
886 4006 1013 4054 admodum
1023 4004 1130 4068 diligam.
1142 4011 1167 4052 et
1176 4001 1231 4050 illos

129 4087 229 4152 quidem
241 4087 307 4135 robis
318 4087 421 4136 similes:
437 4097 528 4139 ceteros
539 4099 617 4140 ιιιιιιιι
635 4091 668 4140 ita
679 4090 733 4139 iilos
750 4089 856 4154 ignorare
873 4101 1037 4150 spernensque.
1048 4091 1076 4132 nt
1094 4083 1230 4132 erubescere

130 4167 295 4217 vehementius
304 4167 357 4216 illos
367 4175 459 4232 putem,
470 4169 491 4217 si
501 4179 591 4219 ceteros
601 4169 647 4218 illis
655 4170 806 4226 convincant,
817 4182 888 4232 quam
900 4166 918 4214 si
928 4165 975 4229 ipsi
987 4165 1017 4213 ab
1026 4163 1078 4212 eliis
1087 4163 1230 4212 convincan-

131 4255 179 4296 tur·
214 4246 267 4300 Hoc
286 4257 397 4312 preterea
416 4249 530 4314 populere
547 4257 573 4298 et
590 4257 737 4298 mansuetum
756 4248 826 4297 nostri
848 4259 965 4294 sermones
982 4243 1078 4304 hebent,
1095 4241 1159 4305 quod
1175 4255 1230 4290 cum

125 4327 211 4377 diuitis
230 4341 278 4375 resa
297 4325 385 4376 sullam
404 4329 489 4377 bonam
509 4343 561 4378 esse
582 4327 619 4377 sel
638 4329 731 4384 malam,
749 4341 827 4391 neque
843 4324 930 4382 albam,
941 4323 1094 4388 nequesliurl
1105 4322 1231 4386 quicquam
1301 4373 1307 4385 ,

131 4408 227 4463 talium.
237 4423 315 4472 ncqne
326 4409 423 4457 omnino
434 4409 524 4473 aliquid
537 4410 567 4459 sb
583 4409 636 4458 aliis
651 4408 725 4464 aliod,
741 4423 767 4456 ro
781 4419 846 4462 rere,
857 4411 884 4453 nt
899 4403 1041 4469 proclinatis,
1052 4403 1173 4451 bominum
1190 4415 1231 4450 ora

131 4487 291 4538 contenditis.
307 4488 371 4547 Quis
379 4505 435 4539 sero
442 4505 490 4539 non
499 4490 597 4540 aliorum
605 4497 696 4541 tantum
706 4505 756 4546 ora.
766 4487 807 4536 sed
820 4493 896 4535 restra
904 4486 1015 4550 insuper:
1033 4484 1133 4549 gratiosa
1142 4499 1178 4532 ras
1188 4491 1235 4540 est,

129 4577 155 4616 et
170 4569 286 4618 sermonis
296 4569 376 4620 odium
387 4571 590 4638 offensionemque
607 4571 752 4622 audientium
769 4567 888 4620 devitetis.
921 4566 1050 4616 bissinum
1067 4581 1123 4615 reru
1133 4565 1179 4612 bne
1190 4570 1237 4620 est,

212 4650 278 4701 Plut.
293 4651 334 4702 Tr.
675 4652 696 4702 1.
1116 4649 1132 4695 2
1149 4644 1172 4701 Q
