3146 5316
123 553 197 630 ιιι]
647 551 699 610 ιο.
1164 557 1216 616 ιιι

121 707 179 770 quid
190 723 226 754 ιιι
244 705 374 756 reeiteturie
388 705 471 752 eadem
489 710 535 760 ert,
553 717 607 767 qum
626 709 651 750 et
668 702 815 766 imperaturis
833 705 965 754 exercitur?
999 705 1037 753 lu.
1055 706 1215 772 intelligerem

121 785 240 849 equidem,
255 786 275 834 ri
285 800 345 850 opus
355 793 426 841 esset,
444 799 498 847 qne
508 783 674 846 imperatorem
690 781 756 846 loqui
766 783 846 832 decet.
880 785 924 836 So.
942 784 1012 834 Forte
1022 793 1047 834 ct
1061 786 1216 850 imperetorie

121 867 239 916 lscultetie
249 865 339 932 peritur
350 881 387 922 es,
396 865 451 914 Iun.
483 863 545 912 Nem
562 865 583 912 si
599 863 712 928 equestri,
727 871 753 912 et
767 863 920 914 citbermdies
937 865 1005 914 ιιιιιΙ
1025 866 1152 930 discipline
1163 869 1216 931 pul.

120 947 187 1003 leres,
198 947 301 1010 illusqui
318 947 387 1003 bene,
406 955 430 993 et
447 946 489 1010 qui
505 945 568 992 mele
586 944 702 1009 equitent,
721 959 883 1006 cognosceres.
918 943 981 994 Ειιι
1001 954 1024 994 ιι
1039 945 1215 1009 interrogemur,

119 1027 198 1086 olon,
209 1035 286 1076 utrum
298 1035 348 1076 erte
361 1028 473 1106 equestri,
492 1041 522 1074 sn
538 1033 588 1074 erte
599 1025 722 1076 oitlrermdi
740 1025 795 1074 illus
808 1025 850 1090 qui
869 1027 929 1076 bene
945 1027 1062 1091 equitent,
1081 1029 1214 1092 cognoscis,

118 1108 174 1172 quud
186 1108 243 1156 mrbr
259 1108 427 1171 responderet
422 1108 440 1140 ’¹
459 1102 506 1155 'lm'
521 1081 706 1170 tutequesni.
739 1093 781 1156 Se.
797 1105 870 1164 Quoi
888 1094 907 1162 ἦ
925 1119 966 1164 eus
981 1107 1023 1172 qui
1042 1109 1103 1156 bene
1120 1109 1216 1172 pnlsent

117 1189 236 1245 eitherern,
248 1204 412 1253 cognosceres,
429 1187 575 1236 confitereris
594 1187 648 1236 illus
663 1203 712 1234 non
731 1186 843 1250 equestri,
863 1187 905 1235 sed
923 1187 1074 1236 citbermdiee
1087 1189 1215 1252 disciplina

116 1269 275 1332 cognoscem?
308 1269 348 1318 Io.
366 1269 451 1318 Procul
472 1268 554 1316 dubio.
588 1268 630 1318 So.
650 1266 712 1316 Cum
732 1283 787 1316 seru
803 1283 857 1331 ques
876 1269 905 1314 ed
924 1268 1085 1332 impuriorem
1097 1277 1214 1332 spectant,

115 1347 243 1414 intelliges,
260 1357 337 1399 utrum
352 1349 509 1412 imperatorie,
530 1364 560 1396 nu
580 1347 714 1396 recitaturis
731 1347 777 1396 ista
793 1348 881 1396 celles?
914 1347 955 1397 lo.
972 1347 1041 1396 Nihil
1057 1348 1114 1396 milri
1131 1349 1214 1398 reterre

116 1429 216 1478 videtur.
249 1430 292 1480 So.
309 1429 444 1488 Quumodn'
455 1429 514 1480 nibil
532 1428 608 1494 [ιιι]
623 1428 710 1480 referre
724 1427 800 1478 dicia?
817 1428 1000 1492 imperaturism,
1016 1437 1041 1477 et
1059 1429 1213 1478 recitatoriem

114 1517 198 1573 ertem,
208 1526 319 1567 unumne,
337 1525 368 1558 en
386 1510 445 1558 duas
463 1510 550 1574 punis?
583 1509 623 1560 lo.
642 1508 696 1558 Une
709 1509 767 1556 mibi
783 1511 884 1558 ridetur.
918 1511 961 1558 Su.
979 1509 1123 1574 Quicunque
1143 1510 1214 1574 igitur

114 1591 243 1640 bonusest
262 1591 379 1647 ιιιιιιιοι,
400 1591 471 1638 etiem
498 1591 573 1637 bonor
598 1591 726 1654 imperator
746 1591 811 1638 erit?
844 1590 881 1638 Iu.
899 1589 932 1638 Et
954 1591 1052 1638 maxime
1073 1591 1180 1655 quidem,
1197 1607 1213 1638 u

111 1671 232 1722 Sucrstes.
263 1671 308 1724 So.
324 1669 389 1720 Num
407 1679 434 1720 et
451 1671 493 1735 qui
511 1671 626 1720 exercitus
642 1672 767 1736 imperetur
784 1679 821 1718 est
839 1671 952 1736 optimus,
969 1671 1032 1719 idern
1051 1671 1162 1740 recitetur
1177 1676 1214 1719 est

115 1752 210 1800 bouus?
243 1751 281 1801 lo.
306 1749 472 1816 Nequequenr.
517 1753 561 1800 Su.
583 1751 647 1800 lllud
666 1761 745 1800 tuumu
765 1751 880 1810 edmittie,
895 1752 958 1816 quod
979 1751 1085 1816 quisquis
1102 1745 1212 1799 recitetur

115 1832 193 1880 benus
204 1840 251 1890 ιιι,
268 1833 344 1882 bonus
361 1840 398 1880 ιιι
412 1833 545 1896 imperator.
580 1832 617 1882 Io.
635 1833 721 1884 l'elde.
754 1833 903 1882 Sullamne
920 1833 1056 1882 Grrccurum
1071 1833 1176 1898 optimus
1186 1848 1213 1882 cs

111 1911 241 1962 recitetur?
275 1912 311 1978 ιιιῚ
329 1913 412 1973 Pleue,
428 1928 442 1960 o
461 1913 578 1980 Socrates.
612 1913 655 1962 so.
682 1911 799 1977 Nonquid
816 1913 951 1964 Grecorum
969 1914 1073 1978 optimus
1091 1929 1116 1962 es
1134 1914 1212 1977 impe·

112 1993 194 2040 retur?
227 1991 267 2044 Iu.
285 1991 365 2053 Certe,
384 2009 399 2042 o
420 1994 537 2044 Socrates.
554 1995 605 2042 hmo
624 1993 687 2044 euim
707 1994 730 2042 in
750 1993 848 2041 Homeri
866 1994 960 2058 scriptis
978 1993 1058 2042 didici.
1092 1994 1135 2042 So.
1163 1993 1212 2043 Cur

112 2071 184 2136 igitur
202 2087 244 2136 per
259 2073 326 2144 deus,
345 2089 399 2123 cum
410 2074 441 2122 eis
457 2073 563 2140 optimus
574 2071 710 2125 amomum
729 2073 834 2122 omnium
854 2073 901 2121 dur
917 2063 1042 2128 erefcitus,
1061 2073 1212 2138 optimusque

110 2153 231 2218 recitetur,
240 2153 326 2218 purim
337 2153 442 2204 cermiue
457 2153 593 2210 moduleris,
605 2154 691 2204 militur
703 2162 782 2203 autern
794 2153 927 2220 nusquam?
945 2153 1052 2218 uunquid
1065 2153 1109 2201 tibi
1120 2151 1213 2204 ridetur

112 2233 221 2282 recitetur
231 2249 301 2284 eures
312 2250 400 2284 corone
411 2235 535 2284 decoretur
546 2234 671 2300 plurimum
683 2235 735 2284 usui
745 2250 797 2284 esse
806 2235 905 2292 Graecir,
921 2235 1047 2299 imperetur
1058 2243 1137 2281 eutem
1149 2233 1214 2282 nullu

112 2315 200 2376 pecto?
233 2315 274 2366 Iu.
291 2313 388 2374 Noetrs,
406 2331 421 2364 o
438 2315 554 2373 Socntes,
574 2315 658 2364 ciritae
670 2324 752 2364 vestre
767 2315 857 2372 subest,
867 2331 882 2363 ι
894 2315 1008 2380 nubisque
1022 2315 1173 2378 gubernetur,
1190 2321 1214 2362 et

112 2394 199 2444 idcirco
219 2397 358 2460 imperatore
370 2412 418 2446 nou
430 2395 530 2462 indiget.
548 2403 624 2444 vestm
638 2404 717 2444 eutem
735 2403 760 2445 et
776 2393 1008 2446 Lecedemoniorum
1026 2393 1160 2458 respublica
1176 2393 1212 2444 ιιι

110 2491 233 2540 nunqnam
250 2478 275 2525 iu
286 2477 401 2526 caercitus
420 2478 505 2526 ducem
515 2476 618 2541 eligeret.
635 2477 735 2526 idoneos
751 2477 818 2528 euim
832 2479 905 2529 ducer
917 2493 959 2525 ιοι
975 2491 1025 2525 esse
1035 2475 1134 2540 putetis.
1167 2475 1211 2528 Su.

105 2556 132 2608 ,Ο
144 2556 236 2620 optimc
254 2555 310 2614 lon,
329 2555 504 2626 Apollodorum
522 2541 668 2622 Cyzicenum
684 2573 732 2606 non
751 2544 893 2620 cognoscis?
927 2557 966 2606 lu.
984 2557 1062 2614 Quem
1074 2555 1210 2620 Apollodo-

106 2637 179 2685 rum?
215 2638 258 2688 So.
275 2637 347 2686 Illum
359 2637 459 2694 scilicet,
476 2653 546 2701 quem
566 2652 629 2701 sepe
641 2636 807 2694 Athenienses,
823 2636 929 2702 quamvie
946 2631 1031 2700 bus'pes
1045 2643 1115 2691 esset,
1135 2635 1209 2700 impe-

108 2725 208 2766 rstorem
232 2717 381 2781 delegerunt,
401 2727 426 2766 et
444 2719 636 2768 Phanostbenem
653 2718 782 2776 Andrium,
807 2727 832 2768 et
852 2715 1002 2767 llereclldem
1017 2713 1212 2766 Clszomeniumr

109 2813 167 2861 quos
176 2799 232 2848 herc
243 2798 338 2858 civitas,
349 2799 407 2850 lieet
424 2800 569 2864 peregrinos,
587 2799 644 2866 quis
655 2799 697 2848 riri
708 2805 846 2864 prestantes
858 2799 983 2856 habentur,
1003 2805 1104 2862 praetura
1120 2805 1145 2845 et
1159 2795 1211 2848 sliit

107 2879 282 2944 megirtretibns
298 2889 375 2930 ornet.
416 2880 499 2930 Iouem
517 2896 572 2930 sero
591 2881 720 2946 Ephesium
739 2881 904 2944 imperatorem
925 2894 972 2926 uon
993 2875 1208 2944 decemct‚'neque

107 2960 194 3010 bonore
215 2960 310 3018 afficiet,
326 2960 442 3010 sirirtnto
459 2967 568 3023 prestere
583 2961 647 3010 sirus
665 2960 755 3010 luerit?
789 2961 854 3018 Quid
868 2975 931 3018 vero,
951 2973 1031 3008 noune
1051 2975 1093 3008 sus
1110 2955 1208 3024 Ephesii

106 3039 179 3102 priate
200 3036 294 3104 origiue
312 3039 471 3092 Athenienses
490 3042 556 3099 estis,
575 3041 731 3106 prerusque
753 3043 819 3092 nulla
840 3043 938 3092 civitate
955 3033 991 3089 est
1011 3038 1127 3090 interior?
1159 3031 1206 3088 Sed

105 3129 139 3180 tu,
156 3137 172 3168 u
192 3121 251 3178 lun,
270 3121 386 3185 siquidem
402 3138 455 3170 sere
469 3121 591 3185 predicar,
603 3131 629 3172 et
639 3121 739 3175 scientie
750 3124 847 3192 erteque
865 3132 934 3188 putes
952 3115 1081 3169 Humcmm
1098 3120 1207 3178 leudere,

105 3201 187 3266 injurie
205 3219 245 3262 rna
263 3202 352 3254 meis:
369 3203 461 3268 quippe
479 3205 520 3268 qui
540 3204 658 3268 professus
677 3205 753 3254 mults
771 3212 796 3253 ct
815 3205 912 3270 pulchre
932 3199 1029 3250 Homeri
1047 3201 1117 3258 scire,
1135 3208 1207 3264 teque

105 3291 253 3344 ostensurum
264 3281 464 3347 mibipollioitue,
482 3299 520 3336 me
535 3298 600 3332 nuuc
618 3265 722 3350 decipis,
739 3283 920 3372 superuniuntur
939 3281 1016 3336 ebert,
1036 3288 1063 3326 ut
1079 3277 1207 3326 ostender.

104 3361 228 3426 siquidem
241 3379 286 3415 neo
301 3379 356 3428 quur
374 3364 423 3414 rint
439 3365 494 3424 ists,
513 3379 614 3430 quorum
631 3364 766 3426 perimses,
784 3359 1053 3426 necqussisieeultute
1070 3357 1206 3422 inumerare,

104 3445 195 3505 aperire
215 3446 259 3503 ris,
278 3461 315 3494 me
332 3444 402 3493 diu'
390 3461 441 3508 qu
458 3446 613 3503 obsecrante.
632 3452 736 3492 cetemm
756 3451 867 3505 tunquam
888 3439 989 3488 Proteus
1001 3455 1077 3488 verrus
1096 3435 1205 3502 resultas,

105 3537 192 3572 aurnum
202 3525 486 3581 deorsumseconeersus,
497 3525 593 3582 edeout
603 3531 723 3587 postremo
741 3538 778 3572 me
788 3522 972 3585 subterfugiens,
983 3521 1110 3585 imperetur
1124 3534 1206 3566 essse·

104 3602 143 3664 ris,
152 3619 182 3654 ue
192 3605 252 3655 mibi
263 3607 384 3661 ostender,
394 3620 443 3668 quo
451 3611 523 3668 pecto
535 3603 609 3667 [om]
627 3601 701 3652 tibi'
679 3619 741 3652 curce
751 3602 851 3652 Homeri
862 3602 1003 3667 sapientiem
1015 3599 1129 3650 iucundis
1139 3616 1204 3649 cour·

105 3691 176 3746 petat.
211 3687 236 3736 ti
248 3687 311 3748 enim
321 3694 373 3736 erte
383 3686 425 3734 tibi
436 3687 484 3736 lroc
494 3684 566 3742 inest,
583 3684 782 3750 quemadmodum
794 3701 857 3734 nuuc
874 3684 932 3741 diri,
952 3682 1118 3750 pollicitusque
1130 3697 1203 3746 erpu-

104 3779 156 3814 uere
166 3767 270 3830 decipis,
288 3775 351 3825 certe
360 3766 464 3830 injustus
475 3781 501 3816 cs
513 3781 598 3830 tneque
610 3764 695 3830 injuris
708 3765 790 3816 afficis.
807 3766 932 3815 sinautem
944 3781 1008 3814 ceros
1024 3771 1083 3826 arte,
1100 3771 1125 3812 et
1141 3770 1203 3810 sorte

103 3847 205 3906 quadem
223 3846 304 3897 dirius
320 3849 351 3896 sb
362 3847 467 3898 Homero
484 3841 575 3912 ruptus,
593 3863 648 3896 cum
667 3847 726 3896 nibil
743 3847 869 3912 intelliges,
890 3847 964 3896 multe
983 3853 1008 3892 et
1025 3835 1123 3908 pulchra
1141 3841 1202 3889 circe

101 3925 197 3986 ριὸιιιιι
215 3926 360 3986 lruucdiuis,
379 3937 407 3976 ut
421 3945 466 3992 ego
485 3931 556 3978 dete
569 3929 718 3994 judicabam,
736 3944 784 3976 uon
802 3927 860 3977 iscis
879 3925 996 3990 injurium.
1030 3923 1106 3984 Elige,
1126 3931 1202 3968 utrum

98 4004 290 4067 merieirsjustes
301 4007 528 4062 immmandirinue
547 4011 626 4074 potine
645 4009 768 4074 appellari.
803 4007 841 4056 10.
857 4003 1066 4070 qugcdiliert,o
1086 3999 1203 4066 Socraten,

101 4095 131 4146 et¹
145 4083 361 4148 mntppulcbriur
379 4095 416 4134 est
432 4087 536 4150 judicari
557 4091 674 4138 divinum.
708 4089 750 4138 80.
768 4087 822 4138 Huc
840 4088 921 4150 itaque
941 4083 1005 4148 quod
1026 4077 1146 4146 pulchrius
1158 4090 1203 4142 est,

99 4167 144 4222 ¹tibi
155 4167 221 4230 apud
233 4181 278 4215 noa
295 4165 364 4229 inest,
382 4166 464 4230 elon,
483 4169 610 4220 teserlicet
628 4170 733 4224 diuinum
752 4167 919 4234 potiusquam
937 4161 1087 4212 artificiosum
1106 4157 1202 4210 Homeri

98 4246 316 4299 lsrmtmmrmre·
