3146 5316
323 469 379 528 ltu
768 463 969 526 rmrouts
1343 469 1413 548 [157

317 621 453 672 eenrirtare.
470 619 556 670 etenim
568 618 657 685 abrqm
665 619 858 668 tranimutatiooa
869 619 920 668 hnc
932 617 982 682 pati
993 615 1085 682 nequit.
1117 615 1224 682 Nequit.
1251 617 1358 682 Tmou·
1364 635 1416 670 rero

317 701 408 752 nulium
417 700 552 764 eat,'inqno
567 701 690 766 quippiam
701 699 735 750 rio
746 699 831 748 trabem
842 713 867 748 ιι
878 699 961 762 poerit,
979 704 1006 746 ut
1016 697 1085 746 simui
1096 711 1174 763 neqm
1185 707 1243 754 rtet.
1256 713 1337 763 neque
1348 699 1415 749 etiam

317 788 446 830 moveator.
479 780 586 830 Nullum.
619 780 787 830 Verumtamen
804 795 882 844 neque
901 779 984 826 maurit
1003 779 1092 842 abrque
1111 779 1314 828 trarumutatione.
1348 780 1417 828 Hnud

317 867 502 910 conrenuneum
519 869 589 910 earet.
622 861 726 919 Quando
744 875 800 924 ergo
818 858 917 908 uomit?
934 875 1012 922 nequa
1031 859 1094 907 enim
1113 860 1171 908 dnm
1191 866 1248 921 stat,
1265 875 1346 924 aque
1363 861 1418 910 dun

317 949 434 1002 movetur,
444 941 534 998 tramit,
549 957 626 1006 neque
642 942 699 990 dum
715 941 740 988 in
760 949 866 1004 tempora
877 946 921 988 eet.
954 931 1011 988 Non
1032 947 1105 988 eene.
1137 939 1179 988 An
1195 946 1232 990 est
1249 941 1297 988 hor
1314 941 1418 990 mirabile

316 1021 440 1086 quiddam,
462 1021 488 1070 in
506 1036 555 1084 quo
574 1029 631 1070 tone
648 1029 693 1078 eat,
710 1036 764 1071 rom
783 1021 884 1070 tranrit?
919 1019 1059 1078 Quidnom?
1093 1019 1242 1070 Momentum
1259 1020 1420 1084 individuum,

317 1099 423 1164 inquam.
440 1101 485 1150 hoo
504 1101 566 1150 enim
584 1108 737 1158 momentum.
753 1107 842 1150 eertum
859 1101 975 1164 quiddam
991 1099 1118 1164 rignifloat,
1136 1115 1164 1148 er
1185 1115 1234 1164 quo
1252 1100 1277 1146 in
1294 1107 1419 1165 utromque

318 1181 437 1230 tranuitor.
453 1195 532 1243 neque
547 1180 733 1236 emimentem,
749 1181 807 1228 dum
823 1187 879 1235 atat,
894 1195 973 1244 nequo
987 1195 1016 1228 ex
1036 1186 1110 1236 motu.
1129 1180 1186 1228 dom
1206 1187 1323 1237 movetur.
1343 1181 1419 1230 adhoc

318 1260 416 1320 tmnaitr
434 1275 512 1310 verum
530 1269 695 1310 momentonea
706 1261 758 1324 ipra
775 1265 860 1307 notura
874 1267 946 1322 atque
961 1259 1078 1316 minoda,
1095 1261 1174 1308 mdia
1190 1271 1267 1308 motor
1285 1259 1420 1324 quietiaqoe

318 1341 484 1406 interponitur,
493 1353 522 1389 ec
530 1339 597 1390 nolio
608 1355 700 1403 prurrur
711 1340 737 1388 in
749 1347 856 1403 tempore
873 1345 920 1402 eat,
935 1354 980 1388 neo
991 1355 1040 1386 nun
1052 1340 1076 1388 in
1087 1339 1148 1388 haar
1157 1347 1229 1404 utque
1240 1356 1269 1390 rx
1285 1341 1341 1397 hee,
1358 1341 1421 1405 qood

318 1427 407 1470 motum
418 1427 463 1476 ert,
475 1419 696 1475 transmutatum,
713 1419 814 1482 etquod
831 1417 933 1482 quievit,
950 1419 975 1466 ia
992 1427 1090 1469 mutum.
1124 1419 1242 1484 Appuret.
1277 1419 1360 1470 Unum
1375 1421 1421 1468 ita·

316 1517 374 1566 qua,
385 1501 406 1549 ri
417 1500 513 1565 quidem
524 1507 572 1548 atat
582 1507 653 1564 utque
663 1505 778 1557 moretur,
794 1499 819 1548 iu
831 1506 929 1561 utruque
941 1499 1109 1563 proculdubio
1121 1499 1211 1546 monuit.
1226 1499 1278 1548 auio
1292 1500 1358 1548 euim
1374 1501 1418 1550 ltoo

317 1583 390 1630 modo
402 1589 499 1646 utraque
510 1580 577 1632 tacit.
593 1581 706 1630 tranaienr
717 1588 807 1639 nutem,
824 1588 944 1630 momento
957 1579 1082 1630 individuo
1097 1579 1195 1628 mannito
1213 1593 1318 1644 eumque
1329 1581 1419 1644 migret,

318 1661 385 1710 nolio
397 1661 536 1726 intempore
547 1668 592 1724 eat,
601 1677 678 1726 neque
689 1667 736 1710 atet
746 1668 812 1724 tuno,
822 1676 900 1726 neque
909 1669 1023 1710 moretur.
1056 1660 1168 1708 Minime.
1202 1659 1327 1724 Numquid
1336 1663 1418 1710 eodem

319 1741 393 1792 modo
404 1741 435 1790 ad
445 1749 535 1790 cetera·
546 1743 688 1792 mutationea
699 1757 750 1790 aere
761 1742 851 1791 habet?
867 1741 964 1806 quando
975 1757 1004 1790 ιι
1015 1741 1070 1804 ipro
1080 1756 1132 1790 eoae
1149 1741 1173 1788 in
1189 1740 1310 1792 interitum
1327 1743 1418 1806 migrat,

321 1821 396 1886 [1⁵7]
413 1820 449 1872 rei
462 1835 490 1870 ex
502 1837 550 1872 non
561 1837 612 1872 aare
624 1823 649 1870 in
660 1823 738 1887 iprum
750 1823 801 1872 fieri
811 1841 826 1878 z⁴
835 1823 938 1872 medinm
948 1831 1006 1872 tune
1017 1822 1044 1870 fit
1055 1822 1204 1886 quorundam
1216 1829 1323 1872 motuum
1332 1838 1362 1872 oe
1372 1831 1418 1872 ota·

321 1910 407 1964 tuum;
424 1918 469 1952 neo
480 1911 517 1952 ert
533 1910 600 1962 tune,
618 1919 696 1968 neqtm
714 1919 762 1952 non
780 1913 825 1962 ert,
840 1920 920 1970 nequa
938 1903 966 1952 fit
984 1902 1065 1967 etiam,
1081 1918 1160 1968 neque
1177 1901 1275 1952 interit?
1309 1901 1420 1952 Videtur.

319 1981 411 2032 Eadem
422 1999 518 2048 quoque
529 1984 620 2034 ratione
630 1999 659 2034 ex
672 2001 720 2034 nno
732 1985 831 2049 migrant
845 1985 871 2034 in
887 1984 969 2046 muita,
986 1993 1011 2032 et
1028 2001 1042 2034 a
1061 1983 1140 2032 multia
1150 1983 1175 2032 in
1186 1999 1267 2042 anum,
1282 1999 1330 2032 nec
1346 2000 1418 2032 unum

319 2071 364 2121 ert,
376 2079 454 2128 neque
466 2066 549 2123 multa,
569 2081 614 2114 neo
632 2073 797 2130 congregatur,
815 2078 893 2130 neque
912 2067 1074 2130 disgregatur:
1092 2071 1117 2114 et
1127 2080 1156 2114 ex
1166 2064 1237 2114 rimili
1251 2063 1275 2113 in
1292 2064 1419 2121 diaaimile,

319 2159 444 2209 maneque
456 2161 484 2194 ex
494 2145 603 2194 diarimili
615 2146 638 2194 in
649 2144 726 2194 rimile
737 2147 847 2209 migrant,
859 2162 903 2196 nee
915 2147 999 2205 aimiie,
1015 2161 1093 2210 nequa
1104 2145 1225 2203 diarimile,
1242 2159 1318 2208 neque
1328 2144 1421 2194 mimi·

319 2223 403 2281 lotum,
414 2239 501 2288 ueqm,
519 2232 546 2272 ut
564 2225 598 2272 ita
610 2227 698 2282 dium,
715 2227 889 2286 dirrimiiatom‚
906 2236 931 2278 et
948 2245 977 2278 ea
990 2243 1063 2292 parvo
1079 2227 1104 2276 in
1120 2242 1239 2291 magnum,
1254 2234 1280 2274 et
1297 2227 1322 2274 in
1341 2227 1419 2290 ipoom

319 2304 419 2366 aequale,
431 2311 456 2352 et
466 2305 582 2353 contraria
593 2305 715 2364 trandent,
731 2322 780 2355 non
799 2323 905 2371 porrum,
922 2324 971 2356 non
985 2323 1104 2372 magnum,
1119 2323 1168 2356 non
1183 2321 1300 2364 crema,
1317 2323 1367 2356 non
1377 2309 1420 2356 de·

319 2397 435 2446 oreaceno,
446 2399 496 2432 non
508 2385 645 2451 adaquanr.
678 2386 735 2436 Nun
746 2388 847 2441 videtur.
879 2389 939 2439 Heu
951 2389 1022 2454 igitur
1032 2389 1148 2452 unirent,
1158 2405 1231 2438 unum
1242 2387 1315 2446 neat,
1325 2390 1419 2453 patitur.

319 2462 428 2519 Quidni?
462 2465 503 2514 Aa
518 2481 566 2516 non
585 2467 780 2520 mnddenndun
797 2477 833 2518 ert
845 2469 904 2534 quid
923 2479 1035 2534 praeterea
1046 2469 1165 2533 potiantur
1175 2467 1230 2524 alin,
1248 2469 1268 2515 ai
1279 2483 1355 2516 unum
1367 2469 1419 2518 eati

319 2541 533 2595 Considerandum.
566 2545 716 2614 Dicimorne,
734 2550 814 2600 Unum
833 2552 852 2600 ui
872 2559 917 2614 ert,
934 2550 982 2600 ati·
999 2551 1029 2599 ab
1049 2565 1096 2598 unu
1114 2537 1164 2614 pnti
1181 2548 1273 2612 niiquid
1291 2551 1417 2612 oportere?

318 2621 436 2674 Dicimur.
468 2625 556 2676 Nonne
566 2629 622 2692 quia
632 2629 679 2678 ιΙίι
689 2638 752 2686 runt.
764 2647 833 2695 qnam
845 2647 928 2694 unum,
939 2645 987 2680 non
999 2646 1071 2678 unum
1079 2631 1149 2680 runt?
1166 2629 1272 2694 alioquin
1282 2631 1340 2688 elia,
1348 2649 1417 2696 quara

318 2719 402 2762 uuum,
417 2721 465 2754 uon
476 2716 563 2756 eurem.
596 2709 680 2758 Probe.
713 2709 770 2759 Non
783 2720 861 2760 tamen
879 2713 972 2776 penitus
989 2727 1039 2760 nno
1056 2711 1147 2776 privata
1161 2720 1226 2768 runt,
1242 2711 1284 2760 red
1304 2713 1419 2776 quodam·

319 2783 449 2834 mudouno
461 2787 615 2850 participanti
645 2788 702 2846 Qua
712 2789 819 2839 ratione?
854 2791 973 2849 Quoniam
985 2792 1033 2840 alia
1050 2791 1080 2838 ab
1091 2805 1185 2854 nno,ex
1196 2807 1226 2838 eo
1237 2791 1303 2854 quod
1315 2794 1418 2856 partibor

319 2869 439 2920 constent,
449 2864 496 2910 alia
512 2873 568 2912 aunt
587 2883 658 2934 qnam
675 2885 757 2918 unum.
774 2871 838 2933 quod
857 2872 901 2920 nini
914 2880 990 2935 pattea
1001 2873 1122 2928 inherent.
1140 2887 1213 2919 unum
1224 2874 1323 2936 penitus
1334 2884 1420 2924 errent.

320 2939 407 2992 Recte.
446 2942 529 2992 Partea
540 2953 618 2994 autern
630 2947 692 3011 ejua,
704 2951 768 3012 quod
779 2957 855 2998 toturn
874 2959 920 3007 eut,
932 2961 1010 3016 parter
1026 2968 1078 3000 erra
1091 2953 1238 3002 uteruiiuua.
1271 2954 1420 3006 Aoaeruimua

320 3021 402 3084 piane.
435 3021 513 3088 Atqui
526 3031 601 3074 totum
612 3025 688 3089 ipautn
699 3044 812 3078 unomen
830 3031 911 3078 multi·
925 3048 976 3080 erre
992 3039 1095 3096 oportet,
1112 3031 1180 3096 cujus
1193 3041 1271 3096 parter
1285 3044 1351 3094 mne,
1366 3053 1420 3102 quta

320 3107 399 3166 parter
410 3103 570 3168 appeliantur,
580 3107 693 3170 qualibet
704 3109 767 3156 enim
779 3109 879 3173 portium
892 3127 939 3160 nou
950 3113 1075 3160 multorum
1088 3128 1150 3176 pun,
1166 3115 1207 3162 red
1222 3115 1306 3178 totius,
1320 3118 1420 3168 exsistit.

319 3181 356 3232 At
366 3185 486 3248 quomodo
497 3185 577 3234 iatud?
611 3187 704 3252 Siquid
717 3189 841 3242 moltomm
853 3207 906 3255 pero
917 3201 988 3250 eruet,
1000 3193 1085 3257 quibua
1094 3194 1171 3257 iptnm
1182 3194 1274 3251 innatet,
1292 3196 1329 3243 rui
1340 3197 1419 3261 ipeiur

310 3265 494 3336 ⁸quodammodo
505 3275 567 3316 emet
578 3284 639 3332 para,
656 3270 702 3318 hoe
719 3279 798 3322 eutem
816 3272 970 3337 imporribiie,
989 3281 1014 3322 et
1025 3274 1123 3322 aliorum
1140 3273 1271 3338 ruinaque:
1288 3275 1419 3340 aiquidem

319 3345 432 3396 omnium.
451 3348 520 3396 uuiua
529 3349 591 3397 enim
601 3365 649 3399 non
660 3351 773 3402 exaiatent
784 3367 846 3417 pura,
866 3363 1020 3419 preterquam
1032 3353 1103 3418 hujus
1114 3355 1214 3404 alionum
1223 3355 1266 3412 erit
1277 3372 1284 3404 r
1301 3363 1374 3420 atqua
1387 3358 1420 3408 ita

320 3425 506 3491 uniuscujusque
524 3445 575 3490 pan
592 3446 639 3480 non
656 3433 709 3482 erit.
726 3449 775 3482 uon
792 3435 905 3484 exrirtenr
918 3451 972 3484 vero
989 3451 1042 3499 pan
1060 3435 1186 3500 cujusque,
1201 3437 1288 3486 nuiiiur
1299 3453 1329 3486 ex
1339 3439 1419 3488 multis

320 3503 379 3589 erit:
397 3513 431 3566 et,
442 3507 462 3554 ai
473 3509 568 3567 nullius,
581 3513 685 3562 omnium
697 3515 792 3564 irtorum
810 3516 898 3582 aliquid
916 3532 976 3576 eote,
993 3533 1092 3582 quorum
1107 3519 1194 3568 nuliiur
1204 3527 1240 3568 eat
1250 3522 1287 3570 vel
1300 3539 1364 3586 para,
1381 3525 1418 3574 rei

320 3579 386 3671 ⁸¹}“d
404 3583 537 3646 (ἱῑῑῦἀῙῙῧθῑι
555 3589 706 3654 impunibile.
740 3595 847 3660 Apparet
864 3599 970 3662 quidem.
1003 3598 1061 3648 Non
1078 3615 1133 3664 ergo
1152 3602 1287 3660 multorum,
1307 3620 1354 3654 neo
1368 3622 1418 3654 om·

318 3675 385 3708 mum
396 3675 450 3724 pm
459 3671 504 3722 ott,
515 3681 663 3735 quoeunque
679 3673 710 3722 ait
724 3691 787 3738 para,
806 3677 847 3725 red
865 3678 937 3728 uniua
947 3677 1072 3742 cujusdem
1083 3681 1153 3738 iden,
1163 3689 1188 3730 et
1198 3683 1269 3730 unior
1279 3684 1417 3749 eujusdam,

319 3742 386 3805 quod
398 3741 601 3806 totumroenmn‘r,
618 3739 706 3801 iactum
725 3771 755 3804 ea
773 3757 950 3808 cunutiaunum
969 3771 1040 3824 atque
1057 3761 1195 3826 perfeetum.
1211 3763 1291 3827 bujoa,
1310 3765 1418 3830 iuquam,

318 3829 632 3891 P⁸f¹t⁸21quaecunquaoit
648 3847 707 3896 para.
741 3833 846 3886 Omnino
863 3839 968 3900 quidem.
1002 3841 1027 3889 Si
1038 3857 1094 3906 ergo
1104 3843 1152 3892 elia
1162 3849 1240 3906 parter
1249 3845 1349 3903 habent,
1368 3854 1417 3896 toto

319 3910 390 3968 tique
402 3921 450 3956 uno
462 3907 612 3973 participant
645 3911 759 3966 Maxime.
793 3915 865 3968 Unde
876 3935 949 3968 uuum
961 3928 1036 3970 totum
1048 3923 1177 3987 perfeetum
1188 3931 1267 3989 partes
1282 3927 1418 3984 contineor.

319 3982 365 4032 alia
383 3985 436 4050 ipaa
451 3988 483 4036 ab
500 4004 547 4038 uno
565 4006 616 4042 erre
630 4007 727 4044 nocetne
742 4004 786 4046 eat.
818 3998 931 4052 Neeeaae.
967 4002 1033 4059 Quin
1052 4004 1122 4053 etiam
1141 4005 1172 4052 de
1190 4019 1333 4069 unaqueque
1351 4015 1416 4070 parte

317 4065 400 4114 eadem
412 4067 471 4117 ratio
481 4077 525 4120 ert.
542 4072 629 4122 etenim
641 4075 711 4140 hujua
721 4077 790 4128 unius
799 4081 936 4146 participem
944 4099 995 4132 erae
1003 4094 1104 4148 oportet.
1113 4100 1167 4134 nam
1179 4085 1198 4134 ai
1208 4087 1417 4152 unaquaequaiiio·

318 4158 368 4191 '⁰¹¹¹
378 4161 430 4209 Ρθη
442 4149 515 4214 [1⁵8]
527 4159 572 4210 0³2.
581 4154 627 4206 hoo
636 4155 723 4222 iprum,
735 4161 799 4222 quod
808 4162 903 4214 dicitur.
913 4180 1070 4230 unoquoque.
1081 4166 1417 4232 unumquodammudoaigni·

318 4223 389 4312 fient:
406 4227 542 4279 distinctum
554 4234 617 4284 euim
628 4238 741 4301 quiddam
753 4241 783 4289 ab
791 4242 852 4306 aliia,
862 4253 888 4294 et
897 4247 1027 4296 secundum
1035 4261 1060 4295 re
1070 4246 1148 4310 iprum
1159 4246 1274 4296 exdatena
1285 4247 1412 4312 signifiat,

318 4305 639 4376 umudonoaqunqneerit.
673 4319 758 4370 Recte.
792 4324 933 4376 Eritautem
946 4326 1153 4391 oniuupartieepr‚
1170 4327 1192 4376 ιί
1206 4327 1270 4378 aliud
1289 4330 1414 4394 quiddam,

319 4397 389 4444 quam
401 4399 472 4434 unum
481 4390 567 4442 fuerit:
585 4397 689 4462 alioquin
701 4403 882 4468 haudquaquam
901 4407 1059 4470 participaret,
1077 4409 1119 4457 red
1130 4407 1207 4472 iprum
1219 4425 1291 4458 unum
1302 4417 1371 4460 earet.
1388 4417 1413 4456 at

320 4476 458 4514 verounum
475 4483 527 4520 erre
542 4472 642 4540 aliquid,
661 4489 743 4554 proter
761 4483 837 4546 iprum
858 4501 939 4546 uuum,
958 4488 1016 4536 uiuit
1036 4497 1122 4552 puteat.
1157 4487 1233 4540 Nihil.
1266 4489 1414 4555 Partieiptro
