3138 5300
176 449 252 527 ass]
607 439 817 506 sorursrs.
1225 415 1285 506 oss

179 605 253 656 literis
268 603 342 669 [tit]
359 589 445 654 esech.
461 617 515 652 nam
525 601 634 666 quedem
645 603 756 652 erllteds
766 602 867 652 invicem
878 593 1030 666 copulantur,
1043 595 1162 667 quedam'
1169 606 1282 660 minime:

176 683 243 737 Tra.
262 685 341 735 Putet.
372 684 425 734 Hc.
441 682 565 731 Vocetium
576 682 667 746 quippe
679 683 795 731 literamm
806 681 876 731 series
887 697 930 747 per
939 681 998 732 sliss
1007 699 1088 732 omncs
1098 692 1210 750 tauquam
1220 687 1272 735 rin-

177 766 258 815 cnlum
268 765 388 831 quuddsm
407 761 563 828 protenditur,
573 761 624 810 sine
635 776 683 826 quo
693 761 765 810 nulle
776 761 875 811 invicem
887 761 960 812 literre
977 763 1057 812 vinciri
1068 772 1175 828 possunt.
1206 765 1272 818 Tus.

178 843 211 892 Et
222 845 320 894 maxime
329 844 434 909 quidem.
466 841 518 891 Ηο.
534 839 574 890 An
584 839 696 904 intelligit
706 841 866 906 unusquisque
873 843 929 905 'qun
940 842 1013 891 literas
1024 842 1110 906 quibua
1123 847 1273 908 congruunt?

178 926 217 975 rel
228 931 277 974 arte
288 939 349 989 opus
366 930 412 985 est,
423 929 450 970 ιιι
463 928 528 971 recte
540 919 565 969 id
576 919 637 968 listi
668 917 733 968 Tua.
750 918 817 968 Arte.
849 920 900 970 lio.
917 920 990 979 Qua?
1021 921 1088 973 Tus.
1105 922 1274 974 Grammstiea.

179 1003 231 1056 lio.
248 1005 336 1055 Nonne
347 1005 409 1053 idem
428 1003 491 1052 eirea
501 1000 606 1065 grnriuns
615 1005 641 1048 st
655 1005 777 1049 acutcnun
788 1000 876 1048 sonos?
893 1000 935 1064 qui
950 1001 1013 1049 euim
1023 1017 1094 1052 voces
1104 1003 1205 1054 inuicem
1215 1019 1274 1054 eou-

179 1099 251 1134 sunus
261 1085 396 1134 discursasse
407 1091 456 1132 arte
466 1079 593 1145 dignoscit,
610 1078 727 1128 musicus:
745 1079 851 1144 quivero
863 1079 964 1144 ignoret,
982 1081 1075 1130 musice
1085 1097 1174 1146 espen.
1205 1085 1273 1137 Τιιιι

182 1165 222 1213 Ita
232 1174 277 1215 est.
310 1165 360 1214 lio.
375 1164 408 1212 Et
419 1164 444 1211 in
454 1161 507 1211 aliis
517 1159 605 1209 srtibus
615 1159 747 1224 artiumque
757 1159 890 1210 defectibus
903 1159 1049 1224 ejuscemodi
1069 1161 1116 1212 elia
1126 1164 1274 1228 repedemus.

181 1243 248 1294 Τιιι.
264 1244 420 1294 Menifestum
430 1242 455 1290 id
468 1239 572 1306 quidem.
605 1239 655 1288 iio·
673 1239 734 1289 Cum
746 1253 801 1288 vero
819 1247 845 1288 et
861 1253 947 1304 genere
957 1255 1031 1289 rerum
1049 1241 1132 1292 eudem
1144 1235 1213 1307 pao'to
1224 1255 1275 1294 ruu-

182 1331 247 1374 tuam
258 1325 447 1374 communionem
465 1322 551 1370 habere
561 1320 697 1384 dixerimus,
716 1333 795 1368 nonne
811 1319 910 1370 scientia
920 1320 1022 1386 quedam
1041 1335 1158 1371 serruoncs
1168 1333 1277 1388 peragere

181 1405 264 1464 debet,
272 1405 378 1470 quisquis
386 1410 449 1452 reete
459 1401 539 1466 qualis
550 1415 635 1466 genere
645 1400 754 1465 qnelibus
764 1407 896 1464 congruant
905 1408 947 1450 eut
957 1401 1087 1461 dissonent,
1096 1403 1127 1452 rit
1134 1399 1278 1461 ostensurus,

181 1487 241 1550 qniu
258 1485 328 1534 etiam
339 1499 381 1548 per
391 1482 470 1532 omnia
479 1482 614 1546 cogniturus
626 1480 645 1528 sl
656 1480 701 1529 ista
711 1481 863 1546 conveniant,
874 1481 934 1530 sdeo
950 1490 978 1531 ut
988 1484 1133 1533 commisceri
1143 1484 1243 1548 possint,
1252 1491 1277 1532 et

182 1567 210 1615 in
228 1565 384 1614 divisionibus
402 1579 488 1620 rursus,
504 1561 525 1610 si
543 1576 586 1626 per
603 1561 682 1610 omnis
698 1561 770 1610 altera
785 1559 907 1611 divisionis
922 1563 1058 1612 estesuss?
1090 1563 1157 1614 Tus.
1174 1565 1279 1614 Seieutis

184 1659 278 1709 prorsus
288 1659 348 1708 opus
359 1652 403 1702 est,
414 1657 442 1693 sc
453 1645 526 1692 ferme
537 1642 641 1690 omniurn
652 1641 760 1690 suasima.
786 1641 837 1692 lio.
853 1643 933 1700 Quem
943 1643 1015 1708 igitur
1025 1645 1087 1694 haue
1096 1643 1278 1710 appellabimus,

183 1724 325 1774 Theaeteto?
357 1723 474 1788 Numquid
496 1722 629 1774 olsrrculurn
651 1722 678 1771 iu
697 1721 828 1771 libentium
850 1723 971 1772 hominum
991 1724 1113 1774 seientiam
1135 1725 1279 1775 incidimus?

186 1805 293 1854 ridemur
310 1806 402 1870 utique,
418 1805 476 1853 dum
495 1817 649 1868 quereremus
665 1802 802 1867 sophistam,
818 1810 873 1852 ante
889 1801 955 1852 illum
966 1804 1082 1854 invenisse
1093 1807 1281 1871 philosophum?

183 1887 250 1936 Tae.
267 1885 317 1947 Qui
335 1886 415 1935 istuc?
449 1884 500 1934 Ηο.
517 1884 563 1934 Per
579 1899 665 1948 genera
681 1883 796 1940 dividere,
814 1892 840 1932 et
855 1899 932 1948 neque
949 1885 1048 1934 eandem
1064 1885 1166 1948 speciem
1181 1887 1276 1936 sltemm

184 1967 279 2016 credere
290 1979 367 2030 neque
377 1965 474 2013 alteram
484 1979 561 2012 rursus
572 1963 743 2027 eaudemesse,
751 1979 830 2012 nonne
841 1961 973 2012 dialectice
980 1963 1082 2012 officium
1093 1955 1144 2014 esse
1154 1965 1277 2015 dicemus?

185 2046 252 2095 Tus.
268 2045 381 2095 Dicemus
392 2045 506 2110 proiecto.
522 2043 570 2094 llo.
586 2043 730 2109 Quicunque
740 2044 786 2093 hoe
797 2059 866 2109 cgere
878 2049 966 2107 potest,
977 2059 1048 2092 uuam
1059 2045 1136 2093 ideam
1146 2061 1186 2109 per
1197 2048 1280 2111 multa,

188 2141 332 2192 unoquoque
348 2141 452 2176 morsum
468 2123 556 2189 posito,
567 2125 652 2188 pessim
663 2131 793 2188 porrectam
810 2132 879 2174 acuta
896 2125 1024 2189 persentit:
1041 2133 1066 2174 ct
1084 2125 1168 2174 multas
1179 2125 1278 2176 invicem

188 2205 245 2255 alies
254 2207 397 2256 extrinsecus
408 2206 452 2254 suh
462 2219 510 2254 una
520 2205 713 2269 comprehensus:
731 2213 756 2254 et
775 2219 846 2254 uuam
857 2220 934 2253 rursus
953 2219 995 2267 per
1010 2211 1059 2254 tota
1076 2204 1126 2265 illa,
1141 2221 1195 2271 quse
1206 2208 1279 2255 muita

188 2293 253 2350 sunt,
263 2287 293 2335 ed
304 2303 374 2336 unam
386 2285 530 2350 copulatam,
539 2293 564 2334 et
576 2285 660 2334 multas
671 2299 775 2334 morsum
791 2285 897 2350 undique
908 2283 1039 2334 distinetur.
1072 2284 1126 2334 Hoc
1145 2293 1224 2334 autem
1244 2295 1280 2336 est

188 2366 248 2415 scire
259 2381 302 2431 per
311 2381 385 2430 mnus
395 2366 526 2414 discernere
536 2381 585 2430 qua
600 2365 692 2431 ringula
708 2365 880 2414 communiente
895 2365 996 2413 vicissim
1013 2373 1111 2430 possunt
1129 2373 1154 2416 ct
1169 2381 1217 2431 qua
1233 2383 1281 2416 uon

188 2451 297 2510 possnrd.
310 2440 377 2494 Tur.
387 2445 500 2495 Omnino.
517 2444 568 2495 Ηο.
580 2444 613 2493 m
622 2460 677 2492 sero
685 2444 835 2493 dialecticum
844 2446 973 2509 opushaud
981 2445 1131 2503 alteridabis,
1143 2435 1287 2508 utrrbihur,

188 2539 260 2592 quam
271 2541 329 2590 pure
338 2525 489 2590 legitimeque
500 2523 686 2588 philosophanti.
717 2523 784 2572 Tus.
802 2524 857 2581 Quo
875 2532 945 2589 preto
956 2524 1023 2572 alteri
1038 2524 1089 2573 dari
1100 2528 1197 2589 posset?
1230 2527 1281 2579 Ηο.

121 2633 124 2638 -
189 2605 361 2670 Philosophum
378 2605 473 2670 quidem
490 2603 532 2652 tsli
548 2602 651 2666 quodam
668 2601 693 2650 in
711 2601 763 2652 loco
779 2593 1285 2669 etnunestinposterum,siqnere'1uus,·

187 2685 345 2750 inreniemus,
355 2699 496 2749 quemqnam
514 2681 596 2747 [rer-
605 2689 631 2730 et
640 2681 686 2730 iste
697 2696 745 2729 nun
757 2681 827 2730 facile
837 2683 945 2748 conspici
957 2691 1043 2749 potest.
1076 2685 1124 2733 Sed
1134 2687 1181 2734 alis
1191 2688 1281 2735 ratione

187 2765 304 2831 sophista,
315 2765 360 2813 alia
372 2763 524 2827 philosophus
535 2761 646 2812 intuitum
656 2761 743 2826 refugit
753 2762 884 2812 oculorum.
905 2763 974 2815 Tus.
990 2764 1062 2823 Qua?
1080 2763 1129 2816 Ηο.
1147 2767 1281 2831 Sophistam

189 2861 264 2911 pono,
275 2844 332 2909 quia
349 2843 375 2892 in
385 2856 434 2892 non
445 2843 507 2893 entis
523 2843 630 2892 tenebras
640 2842 742 2907 aufugit,
759 2850 784 2891 et
802 2843 914 2893 diuturna
930 2845 1102 2895 consuetudine
1119 2847 1220 2896 tenebris
1235 2849 1283 2897 illis

188 2924 329 2988 offunditur,
346 2923 433 2974 iccirco
452 2937 542 2973 summa
558 2922 697 2974 difficultate
714 2923 864 2974 discernitur.
895 2923 962 2976 Tua.
979 2925 1019 2975 Sic
1030 2933 1075 2975 est.
1108 2926 1159 2977 Ηο.
1174 2927 1283 2978 Philoso-

188 3007 249 3071 phus
269 3011 346 3054 sutem
365 3005 426 3054 entis
443 3003 517 3070 ipsius
533 3003 593 3053 idere
613 3003 792 3054 ratioelnstiono
811 3019 903 3070 semper
920 3005 1045 3070 inhaerens,
1060 3007 1092 3054 ob
1103 3007 1204 3072 regionis
1219 3009 1284 3058 illius

189 3085 339 3151 splendorem
348 3085 411 3134 haud
419 3084 488 3133 facile
499 3084 609 3133 cemitnr.
643 3084 706 3133 Nam
718 3083 848 3150 uulgarium
859 3085 987 3134 auimamm
996 3085 1059 3135 oculi
1067 3087 1197 3136 divinitatis
1206 3088 1284 3136 rsdios

189 3166 303 3215 sustinere
314 3181 363 3216 uon
375 3170 479 3229 possunt.
510 3162 577 3211 Tse.
594 3163 785 3212 Consentaneum
797 3171 833 3212 est
846 3164 892 3214 ists
902 3165 936 3214 sie
948 3179 995 3212 aon
1007 3165 1083 3214 suiuus
1094 3181 1165 3228 quarn
1176 3165 1216 3214 illa
1232 3181 1283 3214 sose

190 3247 285 3295 habere.
318 3245 369 3293 lio.
386 3243 424 3292 De
435 3244 480 3291 hoc
492 3241 682 3300 ulissclsrius,si
693 3242 868 3306 provoluntate
885 3243 974 3306 licebit,
984 3245 1143 3293 tractabimus.
1174 3245 1285 3310 Sophiste
1350 3277 1352 3284 ι

189 3341 245 3374 reru
257 3340 305 3373 nun
316 3323 381 3389 prius
391 3331 428 3372 est
437 3321 600 3379 dimittendus,
611 3335 682 3386 quarn
693 3321 835 3370 sufficienter
845 3320 935 3369 anobis
946 3323 976 3370 sit
984 3323 1102 3386 cognitus.
1132 3323 1196 3373 Tus.
1213 3323 1285 3390 Egre-

191 3406 240 3470 gie.
273 3403 324 3454 llo.
342 3403 469 3467 Postquam
479 3419 536 3467 ergo
546 3402 608 3450 iuter
625 3416 670 3450 nos
680 3401 800 3460 convenit,
812 3417 839 3450 er
857 3400 980 3465 gonoribus
997 3403 1106 3466 quasdam
1117 3401 1218 3453 vicissim
1230 3421 1286 3454 cun·

191 3484 268 3548 gredi,
285 3483 393 3548 quedam
413 3483 506 3548 penitus
524 3481 653 3532 dissidere:
670 3490 695 3531 et
711 3481 757 3530 alia
776 3482 872 3548 quidem
890 3497 944 3531 cum
963 3481 1054 3546 pruris,
1072 3482 1118 3530 ulie
1132 3497 1187 3532 eum
1199 3485 1287 3542 multis,

191 3563 306 3613 nonnulla
317 3580 412 3629 quoque
423 3581 465 3630 per
475 3563 553 3612 omnia
565 3563 673 3612 omnibus
688 3563 822 3613 cohaereres
839 3577 963 3627 sequamur
979 3563 1091 3626 deinceps
1108 3561 1221 3612 rrtionem
1238 3579 1285 3612 ser-

192 3645 269 3694 monis
279 3643 349 3709 bujus
360 3643 385 3693 iu
396 3645 459 3694 hune
471 3645 565 3694 modum
576 3643 760 3694 considerantes.
776 3659 824 3692 nun
836 3644 867 3693 de
878 3643 985 3692 omnibus
996 3643 1130 3708 speciebus,
1140 3643 1245 3708 inquam,
1256 3659 1287 3693 ne

192 3723 344 3773 multitudiue
355 3725 534 3781 confundamur,
546 3740 625 3774 rerum
636 3725 750 3788 quasdem
764 3739 793 3773 ex
805 3723 910 3772 maximis
926 3724 1056 3787 eligentes:
1075 3725 1174 3790 primum
1190 3725 1286 3792 quidem

193 3805 275 3869 quales
285 3819 386 3870 qunque
396 3805 460 3866 sint;
475 3803 564 3854 deinde
574 3821 644 3872 qusm
655 3805 704 3853 rim
716 3812 804 3854 mutum
814 3803 986 3854 communionis
1002 3805 1114 3863 habeant,
1125 3812 1203 3854 utens
1214 3813 1285 3870 atque

193 3899 243 3932 nun
254 3899 307 3946 ens,
317 3883 337 3933 si
347 3899 394 3934 non
404 3899 527 3950 possumus
536 3885 658 3949 perspicua
667 3884 761 3948 penitus
768 3882 866 3931 untione
877 3883 1085 3946 comprehendere,
1094 3881 1175 3931 ssitern
1184 3897 1288 3947 congrus

192 3965 225 4013 de
235 3963 272 4011 his
283 3962 420 4028 disputindi
428 3967 516 4014 rstioue
526 3980 573 4014 non
582 3979 710 4023 esmarnus,
718 3965 796 4028 quosd
804 3961 993 4026 inscrtigstionis
1000 3961 1070 4026 hujus
1078 3961 1183 4012 conditio
1192 3962 1287 4026 petitur.

195 4042 269 4102 Quod
280 4042 298 4090 sl
309 4057 357 4091 non
368 4059 410 4091 ens
420 4045 484 4092 velut
493 4043 646 4108 imaginando
664 4059 715 4093 esse
726 4059 750 4092 re
762 4057 816 4092 sers
832 4058 881 4092 non
891 4057 934 4092 ens
952 4042 1066 4100 dicemus,
1077 4040 1181 4090 insontes
1191 4040 1289 4091 forsitan

194 4122 330 4173 evademus.
361 4123 427 4172 Tar.
443 4123 521 4173 Deest
538 4137 603 4171 sune.
636 4121 686 4173 ilo.
704 4123 810 4172 Maxima
830 4139 885 4172 reru
907 4123 1011 4171 emulum
1034 4136 1127 4186 genem,
1148 4135 1202 4186 qum
1217 4123 1291 4170 modo

193 4203 359 4261 referebamus,
370 4217 412 4252 ens
421 4203 498 4267 ipsum
508 4211 533 4251 et
551 4207 625 4251 sutus
635 4211 661 4251 et
672 4211 756 4255 motus.
788 4201 854 4253 Tua.
873 4202 959 4251 Valde.
992 4201 1043 4252 lio.
1060 4201 1116 4250 Duo
1127 4201 1178 4251 huc
1188 4201 1289 4251 incitem

195 4283 288 4332 misceri
306 4299 355 4332 non
374 4297 443 4347 posse
464 4289 500 4331 est
520 4282 619 4332 dietum.
649 4283 813 4334 Tenesne.
847 4281 896 4330 iic.
914 4281 963 4330 Ens
984 4297 1038 4330 seru
1060 4281 1164 4347 utrisque
1185 4281 1289 4332 misceris

196 4363 266 4411 smbo
276 4363 340 4412 enim
351 4362 524 4427 quodammodo
536 4369 599 4411 sunt.
631 4361 698 4411 Tau.
713 4361 755 4410 Nil
767 4363 852 4410 obstat.
884 4361 936 4412 tto.
952 4361 1070 4426 Sequitur,
1088 4367 1115 4409 ut
1125 4362 1226 4411 triasint
1236 4363 1289 4412 ista.

197 4443 265 4493 i'ns.
282 4443 401 4508 Sequitur.
431 4441 481 4493 Ηο.
500 4443 538 4492 Au
549 4455 598 4494 nun
609 4443 704 4494 istorum
716 4443 839 4510 quodlibet
850 4457 864 4493 s
875 4443 967 4492 duobus
978 4441 1071 4508 reliquis
1081 4441 1177 4493 alterum
1188 4449 1233 4508 est,
1244 4441 1289 4492 sibi
