3174 5322
122 496 197 573 344]
532 489 820 552 PROTAGORAS.
1186 505 1225 564 59

121 649 357 705 Iaeednrnnnintnm
374 647 446 700 snm
461 645 630 710 temptemus
642 645 718 710 mgb
731 660 804 711 quern
819 646 1087 701 euersitstionis-studio
1104 657 1227 718 consistet,

122 730 262 796 intelligunt
277 729 384 778 nonnulli
399 736 485 778 nostra
495 728 571 778 snm
581 728 699 790 bendum,
717 735 743 776 et
758 727 814 776 olim
838 728 904 776 mulli
921 729 985 779 idere
1004 733 1228 805 snimsdrerterunt',

124 814 237 876 seientes,
246 811 314 864 verbe
331 809 449 876 ejusmodi
466 809 590 860 enuntisre
608 825 686 874 posse,
703 809 747 856 riri
766 809 874 860 sbsolute
884 811 949 859 doeti
962 812 1065 862 offininm
1077 830 1136 866 ense.
1153 819 1226 886 [⁸48]

124 893 218 944 Horum
239 909 253 945 e
271 907 369 942 numero
383 891 429 943 luis
443 889 530 940 'l'bsles
540 890 658 950 Milesius,
675 899 701 940 et
719 889 875 955 mityleneus
892 891 1009 954 Pilleeus,
1031 894 1094 944 nin
1105 897 1229 960 Prieneus,

125 986 207 1030 noster
225 973 308 1032 Solon,
329 971 460 1024 Cleobulus
475 972 584 1030 Lindius,
603 973 695 1038 Myson
711 972 842 1022 Cbeunns:
860 973 973 1038 septimus
988 976 1071 1025 borum
1091 979 1170 1029 dietus
1191 992 1228 1031 est

121 1055 317 1106 lacedemonius
327 1053 424 1106 Chilon.
456 1053 489 1104 iii
500 1069 582 1104 nnsnes
593 1053 672 1102 nmull
684 1053 833 1118 studiosique
843 1053 939 1104 inerunt
950 1056 1061 1121 discipuli
1073 1059 1229 1112 Lsoedterno·

125 1137 188 1189 nine
196 1136 331 1200 sepientis).
365 1135 472 1194 Quorum
484 1135 625 1199 sspienlinm
644 1133 715 1184 lslern
732 1150 784 1184 esse
801 1135 972 1199 oomperimns:
990 1139 1062 1190 verbs
1072 1142 1161 1203 brevis,
1179 1159 1229 1194 tne-

124 1217 355 1282 nonmunieuiqoe
365 1216 447 1282 dique.
480 1215 515 1264 iii
532 1213 596 1264 isoto
612 1215 717 1264 eoneilio
732 1231 762 1264 ex
780 1217 900 1264 communi
919 1233 1044 1278 consensu,
1061 1223 1104 1270 bes
1115 1223 1229 1290 Delphici

122 1298 247 1364 Apollinis
258 1299 346 1363 templo
357 1298 472 1363 primitins
481 1294 606 1362 sepienti·
615 1295 765 1354 dedimus,
776 1313 830 1360 qum
843 1298 931 1362 templo
942 1299 1070 1366 iuscripta,
1078 1305 1109 1352 sb
1118 1309 1227 1357 omnibus

124 1381 287 1430 celebantur:
306 1379 431 1445 coenosos
453 1379 566 1444 teipsum,
586 1375 654 1426 Nibil
677 1377 755 1426 nirnis.
787 1376 848 1426 line
866 1379 897 1426 ob
915 1395 968 1428 enm
987 1397 1082 1432 esuum
1100 1387 1185 1448 refero,
1203 1400 1230 1440 nt

122 1469 215 1524 puteat,
224 1477 277 1510 esrn
287 1461 369 1526 prison
381 1459 536 1524 philosophia
550 1459 623 1508 luisse
640 1458 748 1522 figurent,
764 1457 986 1510 hoedaemoniennr
997 1463 1089 1514 scilieet
1098 1469 1229 1532 qunddsm.

122 1551 154 1590 ιιι
164 1542 197 1594 ils
206 1543 314 1600 dixerim,
325 1539 504 1605 breviloquium.
537 1539 615 1604 Atqui
624 1547 650 1590 et
660 1538 748 1607 Pittsoi
760 1541 878 1604 proprium
888 1541 935 1591 boo
943 1543 1033 1592 dietum
1050 1547 1229 1600 eironmierebu·

124 1631 172 1682 tur,
191 1639 208 1677 s
227 1623 374 1687 snpientibus
388 1622 547 1673 celebreturn:
565 1621 658 1670 Bonum
678 1637 771 1674 rnsnere
783 1622 885 1680 ¹diiiioile
901 1639 962 1674 esse.
994 1625 1129 1678 Simonides
1139 1629 1230 1697 itsque,

122 1721 182 1758 enm
189 1703 315 1768 sapientire
326 1703 423 1767 gion'sm
432 1711 538 1766 cuperet,
547 1701 699 1765 cognorit,si
710 1703 858 1766 prouerbium
869 1703 895 1753 id
906 1704 1022 1757 refelleret
1031 1712 1230 1778 convinceremus

124 1795 245 1850 tunquam
256 1784 371 1848 insignem
381 1791 529 1845 nonnionem,
538 1782 588 1831 iore
598 1791 626 1830 ni
642 1784 694 1847 ipse
710 1782 806 1834 illustris
816 1785 847 1834 nb
857 1786 1105 1842 omnibnsbsberetur.
1139 1795 1230 1852 Quum.

122 1869 211 1918 obrem
223 1867 327 1916 osrrnins
337 1865 378 1914 ills
389 1863 532 1928 oomposuit,
549 1863 586 1912 illi
604 1863 738 1928 insidistne,
750 1865 803 1928 ejus
812 1866 882 1915 verbs
895 1867 1075 1932 disturbsmms,
1087 1881 1114 1922 nt
1124 1877 1230 1926 urbibus.

122 1947 286 2002 ,discutiemus
303 1948 355 1996 bno
373 1959 421 1994 unt
440 1959 531 2002 onmes,
552 1953 580 1994 ul
591 1945 711 1994 videmnus
733 1953 808 1994 utrum
820 1962 874 1996 rers
890 1947 981 2013 loquer.
1013 1951 1117 2003 Primum
1134 1959 1231 2020 quidem

124 2027 234 2078 esrrnins
244 2028 286 2076 ills
297 2027 376 2092 priore
386 2027 494 2076 insenum
506 2026 626 2076 bominem
638 2027 780 2086 indiesrenl,
797 2026 818 2076 si
832 2028 912 2078 dloere
923 2030 1013 2091 rolens,
1024 2033 1106 2084 Virum
1116 2037 1178 2086 efflei
1189 2041 1230 2088 bo·

124 2125 184 2173 pum
195 2107 364 2166 essediffieiie,
374 2108 462 2157 deinde
471 2105 591 2170 injecisset
601 2107 662 2158 hene
674 2108 814 2171 pertinuisse
833 2110 947 2168 Quidem.
972 2113 1017 2163 boe
1028 2117 1092 2164 enim
1103 2118 1234 2168 nullsrsli-

124 2207 175 2250 one
187 2190 281 2238 ridetur
288 2188 403 2253 injectum
414 2206 420 2236 r
436 2187 484 2237 nisi
493 2187 547 2252 quis
558 2195 636 2252 putet,
644 2188 758 2238 ndrersus
767 2190 856 2240 Pittsei
867 2195 938 2242 rerbs
948 2203 1076 2246 certantem
1088 2198 1232 2249 Simonidem

132 2272 199 2338 loqui
209 2289 216 2319 s
234 2279 260 2320 et
270 2286 324 2322 eum
336 2271 376 2320 ille
387 2269 463 2334 diest,
473 2268 582 2321 Difficile
593 2285 645 2320 esse
655 2270 744 2319 bouum
754 2287 857 2328 munere,
868 2273 1014 2324 Simonidem
1025 2277 1114 2328 sdbee
1121 2281 1235 2346 objicere,

126 2353 188 2402 Non
199 2354 233 2402 ils
243 2361 288 2412 est.
299 2369 314 2402 o
327 2352 429 2409 Pittsce,
446 2351 518 2400 immo
536 2352 623 2401 bonnus
634 2352 732 2416 quidem
743 2353 816 2401 rimrn
828 2353 889 2402 efflui
900 2355 997 2406 dinone
1007 2367 1052 2423 est,
1068 2367 1093 2407 et
1103 2375 1165 2418 rere,
1182 2379 1230 2412 non

128 2451 209 2488 serere
232 2436 329 2484 bonum
363 2433 419 2484 Non
432 2433 465 2482 ob
480 2436 526 2488 boe
542 2431 646 2492 Reresn,
663 2433 720 2498 quis
736 2435 930 2500 sintnliquisere
942 2438 1008 2501 boni,
1026 2439 1067 2488 slii
1085 2444 1231 2494 sutembnrri

131 2517 238 2583 quidem,
257 2517 299 2566 sed
317 2531 366 2566 non
378 2529 440 2564 rere.
457 2514 571 2564 sbsonnm
590 2515 636 2565 bon
656 2514 875 2579 utiquesideretur‚
892 2533 970 2582 neqrm
986 2519 1109 2570 Simonide
1126 2524 1233 2588 dignum.

133 2599 173 2648 sed
184 2599 216 2650 sd
227 2612 420 2662 snpereueeseunt
432 2611 519 2659 ponere
529 2604 625 2661 oportet
632 2595 658 2645 in
669 2596 773 2646 sensibus
784 2597 808 2645 id
819 2598 884 2660 quod
896 2613 949 2647 rese
965 2600 1032 2656 dicit,
1048 2603 1183 2666 supplendo
1200 2607 1234 2656 its

129 2679 220 2730 Pittsni
232 2681 315 2728 serbe:
332 2693 378 2728 eeu
397 2677 418 2726 si
429 2691 568 2744 poneremus
579 2677 699 2726 Pittneum
710 2676 788 2742 ipsum
798 2677 887 2741 didere,
896 2678 919 2726 Ο
928 2679 981 2740 riri,
989 2681 1087 2731 ‹liffieile
1096 2692 1133 2732 est
1142 2687 1231 2736 bonnm

130 2776 227 2816 respue
239 2777 247 2808 ι
264 2770 291 2809 et
301 2733 448 2810 Simonidem
459 2759 611 2824 respondere,
634 2757 708 2822 [tel]
724 2757 747 2806 0
758 2757 860 2816 Pirum,
878 2773 933 2808 vers
943 2761 1039 2810 minime
1049 2761 1160 2829 loqueris.
1185 2781 1233 2816 nnn

135 2845 196 2894 eninr
208 2855 270 2898 esse,
280 2843 322 2888 sed
334 2840 384 2890 lieri
395 2840 470 2890 sirum
481 2841 579 2898 bonnm,
588 2840 698 2888 munibus
708 2839 864 2906 pedibusque,
873 2848 898 2890 et
910 2851 988 2891 mente
996 2845 1135 2908 qusdrsturn
1146 2849 1235 2912 ubsque

135 2923 308 2988 vituperetinrre
319 2922 400 2986 sliqus
408 2921 557 2980 lubricatum,
577 2929 614 2970 est
624 2921 719 2970 difficile
728 2937 790 2972 rere.
824 2921 862 2970 Its
873 2923 966 2972 videtne
979 2926 1090 2976 sdrersus
1104 2944 1234 2979 sermonem

128 3005 181 3062 ,boo
194 3005 301 3064 Quidem
314 3003 444 3068 injectum:
461 3002 575 3069 elipeum
587 3002 649 3052 Vere
660 3001 723 3052 bend
734 3004 765 3053 sb
776 3017 800 3052 te
810 3014 929 3068 postremo
942 3005 1052 3057 loentum.
1068 3011 1135 3074 stqui
1145 3019 1170 3060 et
1180 3023 1235 3076 qn·

129 3095 277 3152 sequuntur,
288 3085 368 3134 omnis
378 3083 434 3133 huie
444 3091 595 3146 strestsnmr,
605 3085 669 3148 quod
681 3085 745 3134 buno
754 3083 780 3132 in
791 3085 886 3134 modurn
898 3094 935 3135 est
949 3087 1047 3137 dietum.
1079 3089 1160 3140 Mults
1170 3093 1235 3142 insu-

134 3175 356 3232 perennemque
367 3173 430 3215 reete
441 3165 557 3230 disposite
568 3164 593 3216 in
604 3165 641 3214 bis
651 3165 801 3223 esrmitribus,
818 3165 937 3231 sigillatim
954 3171 1077 3219 ostendere
1094 3187 1235 3237 possumus:

134 3249 191 3300 reite
201 3263 307 3314 nemque
317 3257 342 3298 et
349 3255 458 3298 secusne
469 3247 602 3312 compositu
620 3255 691 3318 punt:
709 3247 751 3296 ted
766 3247 877 3310 prolixior
893 3249 956 3298 iuret
965 3249 1048 3298 orstin.
1081 3253 1161 3308 Qusre
1171 3269 1234 3302 suns·

136 3331 216 3380 mstirn
229 3331 311 3396 politae
322 3329 393 3394 hujus
404 3329 680 3394 lormsmeousiliumqne
688 3327 862 3392 exponendum.
896 3328 1236 3395 intendilsuteminsingulis
1333 3369 1338 3376 .

134 3414 239 3462 restibus
250 3409 339 3462 Pittsei
348 3411 419 3460 serbe
429 3409 543 3461 reieilers.
577 3409 612 3459 nit
628 3409 692 3458 enim
711 3401 784 3474 psulo
794 3416 850 3474 post
857 3409 929 3458 firme
939 3409 966 3458 in
977 3411 1040 3458 lrnrrn
1051 3411 1155 3472 modurn,
1171 3416 1234 3476 quod

137 3494 202 3542 effici
212 3493 285 3542 rimrn
297 3494 383 3542 bonurn
394 3491 490 3541 difficile
500 3507 569 3542 rere:
588 3491 700 3557 punibile
710 3499 790 3538 tumen
800 3491 831 3538 sd
850 3497 950 3553 tempus.
974 3489 1063 3539 lectum
1073 3505 1129 3540 vern
1140 3493 1236 3557 bonurn,

135 3591 165 3624 eo
175 3575 199 3624 in
211 3574 292 3622 lubitu
304 3587 461 3638 persevernre,
471 3589 570 3638 esseque
589 3573 686 3627 bonurn.
707 3580 733 3619 ut
749 3571 800 3635 ipse
811 3570 856 3628 nin,
874 3587 889 3618 o
908 3569 1010 3629 Pittsoe,
1030 3572 1175 3636 impossibile
1190 3589 1236 3641 eet,

135 3671 216 3720 neque
226 3657 371 3704 bumsnum:
397 3654 439 3704 sed
457 3652 520 3703 solus
532 3655 576 3702 bno
588 3653 657 3702 Deus
668 3668 763 3701 munere
773 3652 894 3716 iungitur:
911 3653 1029 3702 bominem
1040 3669 1095 3703 reso
1105 3656 1138 3706 its
1149 3659 1235 3709 bonum

136 3752 241 3792 munere.
251 3753 282 3786 ne
292 3753 367 3786 rursus
383 3736 484 3793 iubetur,
499 3734 646 3798 impossibiie
664 3742 710 3796 est,
729 3750 800 3800 quem
811 3734 858 3784 lors
868 3732 965 3798 inopine
975 3735 1112 3801 confringit.
1146 3739 1235 3798 Qum.

136 3835 189 3868 nsrrr
203 3818 350 3883 potissimum
362 3816 500 3882 inopinatus
510 3815 614 3866 emnsin
636 3816 703 3864 nevis
720 3817 889 3880 gubemelione
908 3817 1054 3882 submergit?
1088 3817 1144 3866 Non
1156 3822 1236 3872 rudem

136 3901 267 3950 bominem.
283 3915 338 3948 nsm
348 3911 441 3963 semper
449 3897 492 3947 ille
502 3899 643 3948 succumbit.
666 3907 691 3947 et
701 3899 899 3963 qmmsduuduru
915 3897 1036 3961 jseentem
1047 3898 1126 3946 nullus
1143 3900 1237 3963 dejicit,

135 3983 177 4030 sed
187 3989 289 4030 slsutem
301 3980 444 4044 qusndoque
455 3979 540 4044 uliquis
550 3979 643 4044 dejicit,
654 3988 681 4028 nt
688 3979 769 4043 jseese
781 3987 868 4045 cognt5
882 3978 1002 4042 jacentem
1009 3993 1064 4027 rern
1072 3992 1237 4043 nequaquem:

137 4063 172 4111 its
193 4062 302 4112 solertem
318 4069 342 4110 el
362 4075 469 4124 mgseaem
490 4061 609 4110 bemineru
630 4077 799 4125 nunnunquam
821 4059 959 4124 inopinstus
979 4073 1048 4106 ossus
1066 4057 1241 4127 circumvenite

136 4159 195 4194 euru
203 4141 308 4206 sesequi
319 4140 378 4192 nibil
389 4140 456 4206 penei
466 4156 572 4205 nequem
587 4143 667 4198 hebet,
685 4142 790 4192 minime.
806 4149 832 4190 et
842 4139 990 4205 gubernatori
1002 4138 1145 4203 qnsudoqne
1156 4141 1239 4206 ingeres

139 4223 285 4288 tempeststis
304 4223 406 4286 impetus
429 4223 570 4285 improvisus
588 4222 738 4286 supervenits
756 4229 780 4270 et
798 4220 932 4285 sgrieullori
950 4217 1103 4282 intemperies
1125 4221 1197 4272 unni:
1214 4234 1240 4274 et

138 4306 233 4354 medion
244 4319 341 4369 quoque
351 4302 436 4352 similis
445 4319 454 4364 5
470 4302 531 4350 eden
542 4310 569 4350 ut
586 4311 642 4351 tnnc
660 4301 786 4366 improvidi
803 4301 876 4350 luisse
887 4301 1017 4348 videnntur.
1034 4308 1113 4364 posset
1123 4299 1184 4352 enim
1193 4293 1239 4355 b...

134 4403 184 4442 nus
193 4385 280 4467 sl'puis
292 4383 367 4434 melus
378 4383 445 4434 fieri:
464 4384 528 4448 qund
540 4383 601 4432 nlius
613 4381 685 4447 poete
697 4389 803 4439 tentetur,
814 4381 902 4440 dicens,
915 4381 959 4430 Vir
976 4381 1051 4429 bonus
1070 4381 1128 4430 elius
1145 4399 1239 4448 pravus,

134 4470 197 4522 alies
207 4469 341 4516 bonusest.
354 4472 386 4516 ,ut
396 4473 473 4516 sulmn
486 4465 561 4514 mulus
577 4465 690 4514 efficiatur
703 4463 793 4521 mulus,
810 4463 860 4512 neri
871 4479 918 4512 non
930 4472 1008 4529 potest
1021 4481 1027 4510 ι
1043 4479 1095 4514 esse
1105 4458 1168 4515 enirn
1179 4485 1239 4518 seru-

133 4567 185 4617 ·per
195 4564 295 4618 nqeesqe
306 4555 362 4600 est..
385 4546 544 4605 Qusmobrem
554 4547 647 4614 quoties
656 4563 726 4616 emus
735 4547 871 4612 inopipstus
882 4546 1005 4612 providum
1016 4545 1133 4596 bominem
1144 4551 1239 4615 sepien-
