3146 5316
346 539 402 612 lor
797 533 998 604 terronis
1388 541 1440 624 [rr

344 703 379 753 les
393 703 451 768 [ιι]
468 701 560 752 orterdi
573 706 660 766 potest.
694 699 817 755 Ceterum,
830 697 901 746 oriri
912 695 1082 752 Athenirnres,
1092 695 1158 760 qnod
1174 695 1272 760 quidem
1282 709 1330 760 ego
1341 709 1389 746 non
1405 698 1444 746 re·

342 783 459 848 liquerim,
470 781 668 848 quemadmodum
677 779 777 828 Melitera
788 785 893 834 accunt,
903 777 967 826 band
979 789 1066 840 magns
1087 775 1145 824 mihi
1161 776 1303 840 purgatione
1319 791 1383 840 opus
1397 791 1444 826 erre

342 864 448 914 ridetur:
466 865 507 912 sed
525 879 561 919 ea,
581 877 635 926 quar
646 859 711 909 dieta
731 866 794 916 runt,
812 857 917 908 sufficere
932 857 1026 922 judico.
1060 857 1134 915 Quod
1153 865 1232 906 sotem
1252 857 1282 905 ab
1302 855 1371 906 initio
1389 856 1443 920 diri,

343 944 530 993 malevolentiam
541 942 663 1007 plurimam
682 957 736 990 esre
755 947 839 990 contra
852 955 890 988 me
909 940 973 1002 apud
992 939 1105 1002 plurimos
1123 939 1275 994 concitatam,
1293 937 1319 986 ld
1340 937 1442 1002 prolecto

343 1017 488 1073 serisiimom
499 1031 550 1074 est:
567 1031 592 1072 et
603 1024 649 1072 boc
660 1037 697 1071 me
708 1023 817 1086 perimet,
826 1020 846 1071 sl
861 1018 957 1084 quidem
968 1019 1086 1082 perimam
1102 1033 1152 1066 non
1168 1019 1277 1082 Helitos,
1287 1033 1368 1084 neque
1379 1019 1443 1083 dop-

242 1109 246 1126 '
343 1111 398 1166 tuse
417 1105 458 1152 red
476 1104 601 1154 multorum
612 1091 731 1154 caloninia
749 1110 774 1152 et
791 1101 900 1162 insidls;
917 1115 971 1163 qne
988 1100 1084 1164 quidem
1106 1098 1166 1147 aliur
1183 1098 1445 1164 quoquemnltnsriros

346 1186 423 1233 honos
434 1186 533 1249 peremit
545 1185 669 1246 hactenns,
679 1191 712 1241 et,
730 1189 758 1230 ut
769 1180 874 1238 arbitror,
886 1181 993 1246 perimet.
1010 1179 1069 1230 nibil
1083 1179 1147 1230 enirn
1167 1195 1246 1243 grase,
1264 1180 1301 1228 rei
1318 1180 1411 1240 mimm,
1426 1179 1445 1228 ai

342 1264 368 1313 ln
380 1281 417 1314 me
427 1268 511 1316 obesse
521 1281 569 1314 nou
581 1265 682 1314 derinat.
716 1263 822 1312 Forsitan
835 1279 889 1312 rero
900 1261 933 1312 ite
944 1277 982 1312 me
992 1259 1111 1325 quispiam
1129 1260 1299 1324 tuoeogsbiu
1317 1259 1406 1310 Nonne
1421 1267 1444 1310 ts

343 1347 428 1410 pudet,
439 1363 453 1396 o
464 1347 581 1404 Socraten,
593 1346 640 1396 tale
651 1343 764 1410 quiddam
775 1359 892 1401 exercere,
902 1357 930 1392 er
941 1357 989 1407 qno
1000 1341 1116 1390 continuo
1125 1339 1150 1388 in
1162 1340 1291 1406 pericnlum
1303 1337 1386 1389 venias
1396 1355 1445 1388 mn·

342 1426 437 1476 riendii
469 1427 587 1492 Equidem
598 1425 653 1475 huic
671 1425 801 1488 objectioni
816 1423 905 1488 justam
921 1424 983 1472 banc
993 1421 1171 1487 responsionem
1186 1422 1269 1470 dabor
1286 1419 1360 1470 Hand
1376 1429 1446 1480 recte,

343 1525 359 1558 o
369 1509 414 1567 rir,
424 1509 534 1574 loqueris,
551 1509 570 1556 ri
582 1515 661 1572 putas,
679 1521 787 1571 magnum
803 1513 845 1556 aut
854 1505 910 1554 rite
920 1512 963 1553 ιιι
973 1504 1055 1552 mortio
1066 1503 1201 1552 habendam
1213 1517 1265 1552 esre
1276 1501 1393 1550 rationem
1404 1501 1445 1549 bn·

345 1587 412 1652 mini,
423 1589 492 1653 eujus
504 1589 540 1638 rel
553 1603 624 1652 parra
634 1588 742 1650 quedam
761 1586 851 1635 utilitas
870 1587 917 1636 sitr
933 1599 962 1636 ae
980 1599 1028 1632 non
1040 1584 1104 1633 iliud
1111 1583 1190 1646 potior
1204 1583 1322 1632 duntaxat
1339 1582 1445 1632 meride-

344 1669 451 1733 randnm,
462 1670 555 1733 quotier
566 1667 659 1734 aliquid
669 1667 727 1732 agit,
738 1675 816 1716 utrum
824 1668 890 1731 justa
900 1672 966 1731 agat,
977 1681 1008 1713 an
1018 1664 1117 1728 injosta,
1124 1672 1166 1712 ιιι
1175 1663 1233 1712 boni
1244 1661 1287 1711 riri
1299 1677 1382 1725 opera,
1397 1663 1444 1714 sire

343 1748 413 1798 mala.
447 1749 562 1814 Alioquin
574 1763 602 1798 ex
613 1750 658 1798 bae
669 1747 759 1797 ratione
771 1755 812 1797 tna
823 1747 949 1812 rpemeudi
963 1745 1063 1795 luissent
1074 1745 1172 1794 semidei
1183 1759 1274 1803 omnen,
1292 1749 1444 1809 quotcunan

345 1831 409 1894 apud
422 1829 519 1895 Trojam
530 1831 700 1888 occubuemut‚
711 1837 736 1878 et
747 1829 798 1887 alii,
808 1837 833 1878 et
844 1829 869 1876 iu
880 1828 961 1893 primia
970 1827 1021 1892 ipse
1031 1827 1142 1876 'l'lretidis
1152 1826 1229 1874 filius:
1246 1825 1288 1888 qni
1299 1840 1377 1889 oaqrre
1386 1825 1444 1874 aden

346 1912 427 1960 rnortir
440 1911 567 1960 ιοιιιιιιὶι
577 1911 715 1975 pericolum,
730 1925 760 1959 ne
772 1917 864 1976 turpem
883 1910 972 1958 subiret
990 1908 1120 1970 infamiam,
1136 1915 1165 1956 ιι
1179 1923 1234 1956 curn
1249 1905 1294 1954 sibi
1311 1906 1360 1954 dea
1374 1913 1445 1954 mater

345 1991 483 2056 properanti
494 1992 524 2040 ad
535 1991 662 2042 Hectorem
675 1992 832 2041 occidendum
844 1989 999 2055 prndirlsret,
1010 1989 1048 2038 bis
1065 1990 1147 2052 lerme,
1157 1997 1185 2036 ιι
1194 1987 1302 2044 arbitror,
1312 1988 1406 2036 serbis:
1424 1986 1445 2034 0

344 2071 389 2134 fili,
400 2071 419 2120 si
431 2087 474 2135 pro
485 2073 590 2122 vindicta
601 2073 704 2120 Patrocli
716 2073 786 2122 aorici
797 2073 831 2120 tui
842 2073 873 2120 ab
890 2071 992 2120 Hectore
1003 2069 1132 2126 interlecti,
1152 2069 1279 2118 Hectorem
1290 2067 1444 2124 interfeceris,

342 2151 395 2216 ipae
405 2153 510 2216 peribir;
527 2153 605 2216 inquit
615 2153 689 2214 enirn,
700 2152 785 2202 Subito
797 2160 852 2215 port
869 2149 997 2200 Hectorem
1014 2149 1095 2198 inlelir
1114 2149 1158 2196 tibi
1177 2163 1226 2197 sorr
1241 2147 1365 2197 imminet:
1382 2163 1446 2206 corn,

342 2233 449 2296 inquam,
460 2233 491 2279 ab
501 2247 530 2280 ea
541 2233 592 2280 hnc
609 2233 750 2295 accepisset,
771 2245 845 2294 ιιιιι
865 2235 926 2277 adeo
945 2228 1072 2278 dircrirnen
1089 2236 1235 2293 mortemque
1250 2227 1404 2292 contempnit,
1421 2235 1446 2278 ιιι

343 2311 419 2359 molto
430 2311 505 2374 magis
513 2311 616 2360 timuerit
627 2319 719 2374 turpem
730 2311 801 2358 sitam
813 2310 942 2359 amicornm
958 2308 1042 2357 innitir
1060 2308 1164 2372 iujoriir,
1180 2324 1250 2374 quarn
1269 2317 1386 2356 mortemr
1401 2316 1447 2358 ιιι·

344 2389 434 2452 titoque
447 2391 603 2453 responderit,
614 2391 705 2439 morire
716 2389 786 2439 malle
801 2405 843 2455 pro
850 2387 916 2453 jnrta
927 2389 1000 2438 amici
1020 2389 1137 2450 vindicta,
1146 2405 1217 2454 quam
1228 2404 1304 2437 moras
1316 2390 1446 2438 trahentem

341 2471 407 2534 'apud
420 2483 491 2518 nares
500 2470 625 2520 ridiculum
637 2478 847 2536 contemptumque
858 2471 944 2522 risere.
977 2469 1049 2520 Hunc
1061 2485 1117 2534 ergo
1129 2469 1226 2534 periculi
1239 2470 1355 2534 mortique
1367 2485 1444 2519 curam

346 2549 456 2599 babuisse
466 2550 577 2616 quisnam
590 2553 693 2600 dixerit?
709 2559 734 2600 et
749 2552 856 2616 proiecto
875 2551 908 2599 lta
919 2567 992 2600 resse
1008 2552 1090 2608 trahet,
1106 2567 1121 2598 o
1133 2551 1177 2598 rin'
1188 2548 1359 2600 Athenienses.
1392 2552 1445 2610 Quo

291 2635 295 2644 “
343 2629 444 2696 quiaque
455 2632 479 2680 in
492 2631 545 2682 loco
554 2633 591 2682 rol
602 2634 704 2698 reipsum
713 2632 845 2690 constituit,
853 2633 978 2681 arbitratur
989 2633 1014 2680 id
1026 2633 1140 2696 optimum
1148 2647 1208 2688 erae,
1218 2631 1255 2682 rel
1265 2632 1406 2696 aanpcriore
1408 2633 1447 2696 jn·

342 2713 411 2761 betur
422 2713 565 2774 consistere3
582 2714 606 2762 io
624 2729 664 2773 eo,
679 2723 705 2764 nt
720 2714 777 2763 mibi
789 2715 890 2772 ridetur,
902 2729 1037 2778 permanere
1047 2720 1151 2778 oportet,
1170 2713 1350 2778 periculumque
1360 2713 1445 2770 subire,

343 2806 421 2857 neque
440 2802 547 2858 mortem,
567 2811 645 2860 neque
663 2796 727 2844 aliud
745 2797 874 2861 quidquam
894 2796 969 2859 magis
987 2811 1058 2859 qoam
1080 2795 1252 2860 turpitudinem
1269 2793 1442 2844 formidantem.

342 2874 494 2938 Equidem
508 2877 549 2925 riri
561 2877 726 2934 Athenienses,
743 2877 843 2941 graviter
854 2879 992 2934 aberrarem,
1009 2877 1030 2926 ri
1049 2892 1103 2926 cuns
1124 2877 1171 2925 illie
1188 2875 1304 2940 paruerim
1321 2874 1444 2938 preteeti.

344 2969 403 3020 quos
413 2957 461 3020 ipsi
471 2957 527 3004 milri
537 2957 697 3022 proposuistis
707 2967 733 3007 et
751 2959 775 3006 in
790 2957 908 3016 Potidna,
928 2966 953 3006 et
971 2959 996 3006 ln
1015 2958 1165 3022 Amphipoli,
1181 2966 1207 3006 et
1224 2958 1251 3006 in
1269 2955 1359 3005 Delio:
1376 2957 1445 3018 (tnnc

343 3036 415 3096 enirn,
436 3037 478 3085 ubi
489 3037 523 3086 illi
535 3053 572 3085 me
583 3037 711 3086 comittere
726 3039 855 3102 jusserunt,
871 3039 906 3088 ibi
925 3039 1030 3103 constiti,
1046 3047 1073 3086 ut
1090 3039 1214 3103 quisquam
1232 3037 1301 3096 alter,
1319 3037 1445 3100 mortisque

342 3117 467 3165 discrimen
486 3118 562 3166 subiri
572 3119 595 3182 t)
612 3119 653 3167 ubi
671 3119 730 3168 de'us
750 3135 787 3168 me
803 3120 892 3184 poenit,
909 3135 1094 3185 perrnanereqoa
1112 3120 1198 3184 soluit,
1221 3129 1248 3167 ιι
1265 3117 1377 3183 opinatos
1393 3133 1444 3169 sora

342 3203 414 3261 atque
425 3198 566 3257 eristirnari,
579 3199 690 3248 videlicet
701 3199 905 3266 philosophantem
913 3215 950 3250 me
958 3201 1046 3258 risere,
1055 3217 1083 3250 ac
1092 3199 1207 3266 meipsum
1216 3200 1322 3264 aliosque
1330 3199 1446 3258 semiari;

343 3279 374 3326 ibi
385 3280 416 3328 ob
434 3280 491 3345 [ιθ]
510 3282 589 3329 rnortir
606 3280 729 3330 citeriorve
740 3281 773 3329 rei
791 3291 878 3330 metum
897 3283 1003 3332 ordinem
1021 3283 1162 3334 desererem.
1195 3282 1318 3346 Pergrare,
1334 3279 1446 3342 inquom,

342 3359 367 3406 id
378 3369 440 3408 essct
451 3361 573 3420 delictum,
584 3371 609 3410 et
620 3372 676 3412 tuuc
687 3379 766 3411 rerem
777 3379 814 3412 roe
819 3363 885 3427 juste
896 3363 949 3427 qula
960 3363 984 3411 in
993 3363 1112 3426 judicium
1124 3364 1233 3421 traheret,
1243 3360 1308 3426 qnasi
1318 3360 1378 3408 deos
1392 3373 1444 3408 non

342 3447 473 3502 putantem,
484 3443 594 3494 videlicet
611 3444 705 3494 oraculo
717 3459 765 3493 non
777 3453 907 3508 parentem,
928 3453 1000 3508 atqua
1011 3452 1109 3492 mortem
1125 3445 1256 3500 timentem,
1272 3448 1447 3506 nutantemque

342 3533 381 3567 me
392 3523 521 3582 rapientem
533 3539 592 3581 erse,
604 3541 676 3589 quun
695 3527 788 3590 sapiens
799 3525 895 3574 minime
906 3527 959 3574 sins.
991 3525 1054 3574 Nam
1067 3533 1166 3574 mortem
1178 3526 1268 3581 timere,
1288 3523 1369 3579 oriri,
1386 3521 1445 3573 nibil

344 3605 381 3646 est
392 3599 467 3662 aliud,
476 3617 547 3664 qoam
559 3605 690 3668 rapientem
702 3608 776 3654 rideri
788 3622 851 3662 eom,
862 3607 903 3671 qui
915 3621 962 3654 non
974 3606 1005 3654 ait
1015 3605 1120 3670 rapiens.
1134 3606 1226 3670 quippe
1244 3619 1298 3652 com
1308 3601 1333 3652 id
1345 3603 1379 3652 sit
1388 3604 1446 3652 sciro

342 3677 425 3734 rideri,
444 3695 497 3742 qum
514 3685 613 3733 nesciat.
645 3685 723 3734 Nemo
742 3689 805 3736 enirn
822 3688 876 3750 scit,
893 3695 969 3736 utrum
990 3703 1051 3736 mors
1068 3702 1184 3736 summum
1204 3686 1318 3734 bonomm
1337 3687 1442 3734 oroninnr

342 3758 465 3822 contingat
475 3761 572 3810 homini.
591 3771 699 3813 metuunt
710 3776 798 3824 ιιιιιι,
816 3769 914 3832 perinde
930 3783 958 3816 rc
976 3767 996 3815 si
1008 3783 1059 3816 eam
1071 3767 1157 3818 scirent
1168 3766 1298 3814 marimum
1309 3781 1362 3815 aare
1373 3765 1444 3814 malo·

342 3855 402 3888 rom.
436 3840 481 3891 Cui
494 3856 548 3890 vero
560 3843 657 3892 dublum
668 3861 719 3896 esre
736 3848 815 3904 debet,
827 3847 885 3912 quin
896 3849 947 3898 beo
958 3849 1010 3913 ipsa
1020 3849 1115 3897 inscitia
1124 3849 1156 3896 rit
1167 3847 1266 3896 manime
1278 3847 1444 3911 vituperanda,

342 3937 463 3987 perquam
476 3923 561 3990 aliquis
573 3939 598 3974 re
605 3933 674 3989 potat
685 3928 755 3985 scire,
763 3945 817 3994 qure
826 3930 919 3978 nescit?
952 3929 1004 3993 rgo
1021 3937 1109 3984 autern,
1127 3945 1143 3976 o
1154 3928 1208 3989 rin',
1225 3929 1250 3976 in
1268 3929 1315 3976 lton
1334 3929 1413 3976 forsan
1429 3940 1444 3974 ι

342 4003 422 4052 moltis
432 4004 566 4055 hominihus
577 4007 678 4058 differo:
694 4025 723 4059 ιι
742 4011 762 4059 ri
778 4026 826 4075 qua
837 4011 861 4058 in
874 4025 899 4059 re
910 4011 1075 4074 sapientiorem
1087 4025 1125 4058 me
1134 4009 1215 4074 aliquo
1226 4023 1277 4057 erse
1288 4009 1402 4065 dicerem,
1417 4008 1443 4056 ia

341 4085 387 4132 bac
399 4085 479 4150 otique
489 4086 600 4145 dicerem,
612 4090 676 4153 quod
688 4106 742 4140 com
756 4092 820 4141 baud
833 4091 985 4156 autlieienter,
996 4107 1050 4156 qna·
1061 4099 1118 4139 runt
1127 4091 1192 4155 apnd
1203 4089 1300 4148 inferos,
1311 4089 1397 4145 norim,
1413 4087 1445 4136 si·

341 4165 428 4214 militer
438 4181 475 4214 me
487 4183 534 4216 non
546 4183 615 4217 nosse
625 4185 752 4234 cognosco.
786 4171 889 4236 Injurirr
900 4179 977 4220 autem
989 4171 1084 4229 inferre,
1101 4169 1264 4236 superiorique
1282 4185 1332 4218 non
1349 4168 1444 4218 obedire

341 4245 378 4291 rel
390 4245 437 4293 deo
447 4247 483 4296 rel
494 4249 592 4308 bomini,
610 4251 697 4300 malum
717 4260 833 4318 turpeque
848 4268 899 4301 esse
919 4253 978 4303 reio.
1011 4251 1071 4302 Hrec
1087 4253 1168 4316 igitur,
1184 4267 1240 4317 que
1255 4251 1346 4306 nescio,
1367 4255 1444 4298 ntrnm

342 4321 406 4370 bona
417 4325 473 4383 sint,
485 4343 605 4393 nunquam
618 4333 691 4396 magis
703 4333 800 4390 timebo,
817 4341 889 4399 atquc
906 4334 1004 4398 logiam,
1023 4349 1094 4398 quam
1104 4333 1155 4392 iilo,
1170 4349 1224 4396 quar
1239 4333 1303 4380 malr
1321 4347 1375 4381 esre
1389 4345 1446 4394 cop-

343 4413 423 4450 noroo.
457 4407 616 4464 Quamobrem
628 4413 648 4460 ai
658 4429 696 4462 me
707 4429 771 4463 nunc
781 4415 916 4472 rbsolratis,
935 4415 997 4480 (nou
1010 4416 1133 4464 credentes
1148 4414 1241 4478 Anyto,
1258 4414 1301 4478 qni
1317 4414 1389 4468 dixit,
1405 4419 1446 4460 aut

342 4495 380 4528 me
391 4481 416 4529 in
425 4482 542 4546 judicium
554 4492 584 4537 alr
596 4491 665 4540 initio
677 4497 808 4544 sonandum
824 4509 873 4543 non
884 4511 943 4551 esse,
956 4503 998 4544 aut
1009 4503 1118 4544 vocatum
1129 4496 1260 4544 necessario
1269 4509 1321 4544 erre
1329 4495 1443 4543 damnan-

342 4562 416 4612 dnm:
435 4579 489 4615 nrm
511 4569 530 4617 ri
551 4586 565 4618 a
586 4573 653 4622 robis
673 4573 813 4633 absolverer,
833 4575 883 4624 lore
901 4585 928 4624 nt
946 4577 993 4632 liiii
1008 4577 1087 4632 nestri.
1121 4578 1224 4634 Socrah't
1242 4577 1318 4628 seruo
1334 4577 1445 4640 vertipia,
