<?xml version="1.0" encoding="UTF-8"?>
<!DOCTYPE html PUBLIC "-//W3C//DTD XHTML 1.0 Transitional//EN"
    "http://www.w3.org/TR/xhtml1/DTD/xhtml1-transitional.dtd">
<html xmlns="http://www.w3.org/1999/xhtml" xml:lang="en" lang="en">
 <head>
  <title>
</title>
<meta http-equiv="Content-Type" content="text/html;charset=utf-8" />
  <meta name='ocr-system' content='tesseract 3.04.00' />
  <meta name='ocr-capabilities' content='ocr_page ocr_carea ocr_par ocr_line ocrx_word'/>
</head>
<body>
  <div class='ocr_page' id='page_1' title='image "./platonisetquaev06bekkgoog_0394.png"; bbox 0 0 3150 5316; ppageno 0'>
   <div class='ocr_carea' id='block_1_1' title="bbox 148 503 1255 588">
    <p class='ocr_par' dir='ltr' id='par_1_1' title="bbox 148 503 1255 588">
     <span class='ocr_line' id='line_1_1' title="bbox 148 503 1255 588; baseline 0.008 -15"><span class='ocrx_word' id='word_1_1' title='bbox 148 507 227 588; x_wconf 78' lang='lat' dir='ltr'>nse]</span> <span class='ocrx_word' id='word_1_2' title='bbox 588 503 815 570; x_wconf 77' lang='lat' dir='ltr'>rosrrrcus.</span> <span class='ocrx_word' id='word_1_3' title='bbox 1194 518 1255 582; x_wconf 84' lang='lat' dir='ltr'>sss</span> 
     </span>
    </p>
   </div>
   <div class='ocr_carea' id='block_1_2' title="bbox 129 659 1251 4528">
    <p class='ocr_par' dir='ltr' id='par_1_2' title="bbox 129 659 1251 4528">
     <span class='ocr_line' id='line_1_2' title="bbox 146 659 1250 730; baseline -0.002 -13"><span class='ocrx_word' id='word_1_4' title='bbox 146 663 207 718; x_wconf 87' lang='lat' dir='ltr'>mibi</span> <span class='ocrx_word' id='word_1_5' title='bbox 215 661 308 717; x_wconf 82' lang='lat' dir='ltr'>ridetur</span> <span class='ocrx_word' id='word_1_6' title='bbox 318 676 394 714; x_wconf 86' lang='lat' dir='ltr'>sersus</span> <span class='ocrx_word' id='word_1_7' title='bbox 405 660 449 714; x_wconf 86' lang='lat' dir='ltr'>iste</span> <span class='ocrx_word' id='word_1_8' title='bbox 460 670 611 727; x_wconf 68' lang='lat' dir='ltr'>magnopere.</span> <span class='ocrx_word' id='word_1_9' title='bbox 622 659 685 727; x_wconf 81' lang='lat' dir='ltr'>quod</span> <span class='ocrx_word' id='word_1_10' title='bbox 695 659 996 714; x_wconf 68' lang='lat' dir='ltr'>rldeimetsslstlrnsndsru</span> <span class='ocrx_word' id='word_1_11' title='bbox 1003 665 1250 730; x_wconf 61' lang='lat' dir='ltr'>estrimllltssom</span> 
     </span>
     <span class='ocr_line' id='line_1_3' title="bbox 147 740 1249 818; baseline 0.005 -23"><span class='ocrx_word' id='word_1_12' title='bbox 147 752 210 798; x_wconf 86' lang='lat' dir='ltr'>ertes</span> <span class='ocrx_word' id='word_1_13' title='bbox 220 760 271 798; x_wconf 86' lang='lat' dir='ltr'>sese</span> <span class='ocrx_word' id='word_1_14' title='bbox 282 745 369 796; x_wconf 83' lang='lat' dir='ltr'>bebere</span> <span class='ocrx_word' id='word_1_15' title='bbox 379 742 503 808; x_wconf 70' lang='lat' dir='ltr'>ursinusque</span> <span class='ocrx_word' id='word_1_16' title='bbox 515 741 585 792; x_wconf 89' lang='lat' dir='ltr'>elreul</span> <span class='ocrx_word' id='word_1_17' title='bbox 601 749 627 792; x_wconf 88' lang='lat' dir='ltr'>et</span> <span class='ocrx_word' id='word_1_18' title='bbox 640 740 718 794; x_wconf 85' lang='lat' dir='ltr'>mlum</span> <span class='ocrx_word' id='word_1_19' title='bbox 733 743 914 798; x_wconf 64' lang='lat' dir='ltr'>commensuret</span> <span class='ocrx_word' id='word_1_20' title='bbox 923 759 973 794; x_wconf 86' lang='lat' dir='ltr'>nen</span> <span class='ocrx_word' id='word_1_21' title='bbox 983 745 1086 798; x_wconf 85' lang='lat' dir='ltr'>lnrlcern</span> <span class='ocrx_word' id='word_1_22' title='bbox 1095 756 1197 818; x_wconf 79' lang='lat' dir='ltr'>tumturn,</span> <span class='ocrx_word' id='word_1_23' title='bbox 1206 755 1249 806; x_wconf 83' lang='lat' dir='ltr'>sed</span> 
     </span>
     <span class='ocr_line' id='line_1_4' title="bbox 147 822 1251 889; baseline 0 -10"><span class='ocrx_word' id='word_1_24' title='bbox 147 827 222 878; x_wconf 64' lang='lat' dir='ltr'>amru</span> <span class='ocrx_word' id='word_1_25' title='bbox 231 825 263 879; x_wconf 81' lang='lat' dir='ltr'>erl</span> <span class='ocrx_word' id='word_1_26' title='bbox 274 824 398 878; x_wconf 87' lang='lat' dir='ltr'>mediocris</span> <span class='ocrx_word' id='word_1_27' title='bbox 406 823 483 889; x_wconf 86' lang='lat' dir='ltr'>ipsius</span> <span class='ocrx_word' id='word_1_28' title='bbox 493 822 678 888; x_wconf 80' lang='lat' dir='ltr'>generetionem.</span> <span class='ocrx_word' id='word_1_29' title='bbox 693 839 748 874; x_wconf 87' lang='lat' dir='ltr'>curn</span> <span class='ocrx_word' id='word_1_30' title='bbox 758 823 823 874; x_wconf 82' lang='lat' dir='ltr'>enirn</span> <span class='ocrx_word' id='word_1_31' title='bbox 833 825 879 876; x_wconf 87' lang='lat' dir='ltr'>boc</span> <span class='ocrx_word' id='word_1_32' title='bbox 890 832 935 886; x_wconf 82' lang='lat' dir='ltr'>est,</span> <span class='ocrx_word' id='word_1_33' title='bbox 945 823 988 876; x_wconf 87' lang='lat' dir='ltr'>llis</span> <span class='ocrx_word' id='word_1_34' title='bbox 1001 834 1072 884; x_wconf 85' lang='lat' dir='ltr'>suut:</span> <span class='ocrx_word' id='word_1_35' title='bbox 1088 836 1115 878; x_wconf 90' lang='lat' dir='ltr'>et</span> <span class='ocrx_word' id='word_1_36' title='bbox 1130 845 1184 882; x_wconf 83' lang='lat' dir='ltr'>enus</span> <span class='ocrx_word' id='word_1_37' title='bbox 1194 840 1251 882; x_wconf 80' lang='lat' dir='ltr'>suns</span> 
     </span>
     <span class='ocr_line' id='line_1_5' title="bbox 146 903 1250 976; baseline 0.005 -20"><span class='ocrx_word' id='word_1_38' title='bbox 146 906 199 972; x_wconf 82' lang='lat' dir='ltr'>ills,</span> <span class='ocrx_word' id='word_1_39' title='bbox 209 907 260 960; x_wconf 82' lang='lat' dir='ltr'>bec</span> <span class='ocrx_word' id='word_1_40' title='bbox 269 916 342 958; x_wconf 76' lang='lat' dir='ltr'>metr</span> <span class='ocrx_word' id='word_1_41' title='bbox 357 906 518 970; x_wconf 74' lang='lat' dir='ltr'>slmrutroqes</span> <span class='ocrx_word' id='word_1_42' title='bbox 535 905 618 956; x_wconf 87' lang='lat' dir='ltr'>borum</span> <span class='ocrx_word' id='word_1_43' title='bbox 636 903 873 970; x_wconf 62' lang='lat' dir='ltr'>sublimatumque</span> <span class='ocrx_word' id='word_1_44' title='bbox 887 905 985 960; x_wconf 86' lang='lat' dir='ltr'>tollitur.</span> <span class='ocrx_word' id='word_1_45' title='bbox 1017 907 1061 960; x_wconf 86' lang='grc' dir='ltr'>8ο.</span> <span class='ocrx_word' id='word_1_46' title='bbox 1078 907 1134 960; x_wconf 85' lang='lat' dir='ltr'>Hoc</span> <span class='ocrx_word' id='word_1_47' title='bbox 1151 912 1250 976; x_wconf 74' lang='lat' dir='ltr'>quidese</span> 
     </span>
     <span class='ocr_line' id='line_1_6' title="bbox 146 983 1250 1055; baseline 0.004 -19"><span class='ocrx_word' id='word_1_48' title='bbox 146 995 221 1042; x_wconf 71' lang='lat' dir='ltr'>mete.</span> <span class='ocrx_word' id='word_1_49' title='bbox 237 1002 317 1038; x_wconf 75' lang='lat' dir='ltr'>verrem</span> <span class='ocrx_word' id='word_1_50' title='bbox 326 986 386 1053; x_wconf 89' lang='lat' dir='ltr'>quid</span> <span class='ocrx_word' id='word_1_51' title='bbox 397 985 530 1050; x_wconf 63' lang='lat' dir='ltr'>dninespn</span> <span class='ocrx_word' id='word_1_52' title='bbox 563 983 646 1036; x_wconf 71' lang='lat' dir='ltr'>Hesp.</span> <span class='ocrx_word' id='word_1_53' title='bbox 663 983 817 1049; x_wconf 86' lang='lat' dir='ltr'>Distingunre</span> <span class='ocrx_word' id='word_1_54' title='bbox 828 986 978 1038; x_wconf 78' lang='lat' dir='ltr'>deeesersen</span> <span class='ocrx_word' id='word_1_55' title='bbox 985 987 1126 1040; x_wconf 85' lang='lat' dir='ltr'>dimetiendi</span> <span class='ocrx_word' id='word_1_56' title='bbox 1134 991 1250 1055; x_wconf 65' lang='lat' dir='ltr'>bifidum,</span> 
     </span>
     <span class='ocr_line' id='line_1_7' title="bbox 145 1063 1250 1139; baseline -0.002 -21"><span class='ocrx_word' id='word_1_57' title='bbox 145 1066 348 1134; x_wconf 81' lang='lat' dir='ltr'>qmmsdnsodum</span> <span class='ocrx_word' id='word_1_58' title='bbox 362 1080 435 1130; x_wconf 85' lang='lat' dir='ltr'>supre</span> <span class='ocrx_word' id='word_1_59' title='bbox 450 1065 569 1118; x_wconf 80' lang='lat' dir='ltr'>diximus:</span> <span class='ocrx_word' id='word_1_60' title='bbox 586 1078 706 1130; x_wconf 72' lang='grc'><strong>0000000</strong></span> <span class='ocrx_word' id='word_1_61' title='bbox 723 1063 787 1116; x_wconf 86' lang='lat' dir='ltr'>illins</span> <span class='ocrx_word' id='word_1_62' title='bbox 803 1072 894 1130; x_wconf 87' lang='lat' dir='ltr'>pnrtcrn</span> <span class='ocrx_word' id='word_1_63' title='bbox 911 1082 999 1132; x_wconf 79' lang='lat' dir='ltr'>ponere</span> <span class='ocrx_word' id='word_1_64' title='bbox 1009 1077 1071 1122; x_wconf 76' lang='lat' dir='ltr'>esses</span> <span class='ocrx_word' id='word_1_65' title='bbox 1080 1086 1173 1136; x_wconf 66' lang='lat' dir='ltr'>snm,</span> <span class='ocrx_word' id='word_1_66' title='bbox 1182 1089 1250 1139; x_wconf 61' lang='lat' dir='ltr'>qu.</span> 
     </span>
     <span class='ocr_line' id='line_1_8' title="bbox 146 1145 1249 1214; baseline 0.005 -16"><span class='ocrx_word' id='word_1_67' title='bbox 146 1163 242 1214; x_wconf 80' lang='lat' dir='ltr'>cunque</span> <span class='ocrx_word' id='word_1_68' title='bbox 252 1162 385 1206; x_wconf 71' lang='grc'><strong>00000100.</strong></span> <span class='ocrx_word' id='word_1_69' title='bbox 395 1145 579 1210; x_wconf 66' lang='lat' dir='ltr'>longitudinem,</span> <span class='ocrx_word' id='word_1_70' title='bbox 589 1145 749 1206; x_wconf 86' lang='lat' dir='ltr'>lstitudinem‚</span> <span class='ocrx_word' id='word_1_71' title='bbox 760 1145 945 1210; x_wconf 71' lang='lat' dir='ltr'>protendissem</span> <span class='ocrx_word' id='word_1_72' title='bbox 954 1155 980 1198; x_wconf 87' lang='lat' dir='ltr'>et</span> <span class='ocrx_word' id='word_1_73' title='bbox 989 1150 1139 1204; x_wconf 86' lang='lat' dir='ltr'>reloeltetern</span> <span class='ocrx_word' id='word_1_74' title='bbox 1148 1155 1180 1204; x_wconf 90' lang='lat' dir='ltr'>ed</span> <span class='ocrx_word' id='word_1_75' title='bbox 1191 1171 1249 1208; x_wconf 86' lang='lat' dir='ltr'>eon·</span> 
     </span>
     <span class='ocr_line' id='line_1_9' title="bbox 147 1225 1249 1303; baseline 0.002 -21"><span class='ocrx_word' id='word_1_76' title='bbox 147 1229 243 1282; x_wconf 70' lang='lat' dir='ltr'>trulum</span> <span class='ocrx_word' id='word_1_77' title='bbox 250 1229 379 1282; x_wconf 87' lang='lat' dir='ltr'>metiuntur</span> <span class='ocrx_word' id='word_1_78' title='bbox 389 1244 396 1276; x_wconf 85' lang='lat' dir='ltr'>s</span> <span class='ocrx_word' id='word_1_79' title='bbox 413 1227 509 1278; x_wconf 88' lang='lat' dir='ltr'>eltesesn</span> <span class='ocrx_word' id='word_1_80' title='bbox 520 1241 576 1276; x_wconf 86' lang='lat' dir='ltr'>vero</span> <span class='ocrx_word' id='word_1_81' title='bbox 586 1233 648 1276; x_wconf 88' lang='lat' dir='ltr'>srtcs</span> <span class='ocrx_word' id='word_1_82' title='bbox 657 1225 722 1284; x_wconf 85' lang='lat' dir='ltr'>illes,</span> <span class='ocrx_word' id='word_1_83' title='bbox 732 1241 787 1290; x_wconf 74' lang='lat' dir='ltr'>que</span> <span class='ocrx_word' id='word_1_84' title='bbox 797 1226 828 1276; x_wconf 89' lang='lat' dir='ltr'>sd</span> <span class='ocrx_word' id='word_1_85' title='bbox 839 1226 958 1278; x_wconf 75' lang='lat' dir='ltr'>mediocre</span> <span class='ocrx_word' id='word_1_86' title='bbox 967 1229 1160 1298; x_wconf 87' lang='lat' dir='ltr'>moderetnnqus</span> <span class='ocrx_word' id='word_1_87' title='bbox 1175 1237 1249 1303; x_wconf 87' lang='lat' dir='ltr'>respi-</span> 
     </span>
     <span class='ocr_line' id='line_1_10' title="bbox 146 1307 1250 1378; baseline 0.001 -17"><span class='ocrx_word' id='word_1_88' title='bbox 146 1310 224 1376; x_wconf 84' lang='lat' dir='ltr'>ciunt,</span> <span class='ocrx_word' id='word_1_89' title='bbox 232 1311 368 1374; x_wconf 81' lang='lat' dir='ltr'>decensque</span> <span class='ocrx_word' id='word_1_90' title='bbox 377 1315 404 1358; x_wconf 85' lang='lat' dir='ltr'>et</span> <span class='ocrx_word' id='word_1_91' title='bbox 413 1315 574 1372; x_wconf 86' lang='lat' dir='ltr'>opportunum</span> <span class='ocrx_word' id='word_1_92' title='bbox 585 1313 659 1371; x_wconf 89' lang='lat' dir='ltr'>etque</span> <span class='ocrx_word' id='word_1_93' title='bbox 669 1307 787 1366; x_wconf 84' lang='lat' dir='ltr'>debitum,</span> <span class='ocrx_word' id='word_1_94' title='bbox 795 1315 821 1358; x_wconf 89' lang='lat' dir='ltr'>et</span> <span class='ocrx_word' id='word_1_95' title='bbox 831 1307 964 1358; x_wconf 84' lang='lat' dir='ltr'>nsrnrnetim</span> <span class='ocrx_word' id='word_1_96' title='bbox 974 1310 1005 1358; x_wconf 90' lang='lat' dir='ltr'>sd</span> <span class='ocrx_word' id='word_1_97' title='bbox 1016 1311 1105 1368; x_wconf 84' lang='lat' dir='ltr'>omnis,</span> <span class='ocrx_word' id='word_1_98' title='bbox 1115 1329 1178 1378; x_wconf 81' lang='lat' dir='ltr'>qne,</span> <span class='ocrx_word' id='word_1_99' title='bbox 1188 1316 1250 1368; x_wconf 77' lang='lat' dir='ltr'>sies.</span> 
     </span>
     <span class='ocr_line' id='line_1_11' title="bbox 147 1386 1249 1456; baseline -0.001 -16"><span class='ocrx_word' id='word_1_100' title='bbox 147 1389 341 1450; x_wconf 58' lang='lat' dir='ltr'>thaberninin</span> <span class='ocrx_word' id='word_1_101' title='bbox 352 1389 457 1442; x_wconf 81' lang='lat' dir='ltr'>medium</span> <span class='ocrx_word' id='word_1_102' title='bbox 476 1387 643 1452; x_wconf 74' lang='lat' dir='ltr'>confugerunt.</span> <span class='ocrx_word' id='word_1_103' title='bbox 674 1387 719 1438; x_wconf 89' lang='grc'><strong>80.</strong></span> <span class='ocrx_word' id='word_1_104' title='bbox 735 1386 825 1453; x_wconf 74' lang='lat' dir='ltr'>Ample</span> <span class='ocrx_word' id='word_1_105' title='bbox 841 1387 940 1454; x_wconf 83' lang='lat' dir='ltr'>quidem</span> <span class='ocrx_word' id='word_1_106' title='bbox 956 1396 1055 1454; x_wconf 82' lang='lat' dir='ltr'>utreque</span> <span class='ocrx_word' id='word_1_107' title='bbox 1071 1393 1150 1456; x_wconf 83' lang='lat' dir='ltr'>pertin</span> <span class='ocrx_word' id='word_1_108' title='bbox 1167 1403 1249 1454; x_wconf 39' lang='lat' dir='ltr'>esrae</span> 
     </span>
     <span class='ocr_line' id='line_1_12' title="bbox 146 1467 1251 1540; baseline 0 -18"><span class='ocrx_word' id='word_1_109' title='bbox 146 1472 221 1522; x_wconf 84' lang='lat' dir='ltr'>nitere</span> <span class='ocrx_word' id='word_1_110' title='bbox 239 1473 310 1536; x_wconf 87' lang='lat' dir='ltr'>longe</span> <span class='ocrx_word' id='word_1_111' title='bbox 326 1472 357 1520; x_wconf 93' lang='lat' dir='ltr'>sb</span> <span class='ocrx_word' id='word_1_112' title='bbox 376 1470 449 1520; x_wconf 84' lang='lat' dir='ltr'>nitere</span> <span class='ocrx_word' id='word_1_113' title='bbox 466 1467 595 1532; x_wconf 88' lang='lat' dir='ltr'>discrepet.</span> <span class='ocrx_word' id='word_1_114' title='bbox 628 1467 711 1518; x_wconf 78' lang='lat' dir='ltr'>Hoss.</span> <span class='ocrx_word' id='word_1_115' title='bbox 726 1467 800 1530; x_wconf 82' lang='lat' dir='ltr'>Quod</span> <span class='ocrx_word' id='word_1_116' title='bbox 819 1485 981 1534; x_wconf 83' lang='lat' dir='ltr'>sepenumero</span> <span class='ocrx_word' id='word_1_117' title='bbox 999 1471 1086 1532; x_wconf 79' lang='lat' dir='ltr'>lerunt,</span> <span class='ocrx_word' id='word_1_118' title='bbox 1101 1489 1117 1524; x_wconf 94' lang='grc'><strong>0</strong></span> <span class='ocrx_word' id='word_1_119' title='bbox 1132 1475 1251 1540; x_wconf 69' lang='lat' dir='ltr'>Sumus,</span> 
     </span>
     <span class='ocr_line' id='line_1_13' title="bbox 129 1547 1249 1622; baseline -0.004 -20"><span class='ocrx_word' id='word_1_120' title='bbox 129 1547 136 1556; x_wconf 80' lang='grc'><em>“</em></span> <span class='ocrx_word' id='word_1_121' title='bbox 148 1553 227 1606; x_wconf 86' lang='lat' dir='ltr'>nrsseti</span> <span class='ocrx_word' id='word_1_122' title='bbox 237 1553 279 1604; x_wconf 87' lang='lat' dir='ltr'>viri</span> <span class='ocrx_word' id='word_1_123' title='bbox 290 1552 336 1611; x_wconf 85' lang='lat' dir='ltr'>illi.</span> <span class='ocrx_word' id='word_1_124' title='bbox 345 1553 389 1618; x_wconf 83' lang='lat' dir='ltr'>qui</span> <span class='ocrx_word' id='word_1_125' title='bbox 399 1566 510 1616; x_wconf 82' lang='lat' dir='ltr'>rnegnnns</span> <span class='ocrx_word' id='word_1_126' title='bbox 528 1549 602 1616; x_wconf 76' lang='lat'><strong>[285]</strong></span> <span class='ocrx_word' id='word_1_127' title='bbox 619 1549 710 1615; x_wconf 89' lang='lat' dir='ltr'>eliquid</span> <span class='ocrx_word' id='word_1_128' title='bbox 726 1565 756 1600; x_wconf 86' lang='lat' dir='ltr'>ee</span> <span class='ocrx_word' id='word_1_129' title='bbox 771 1550 865 1616; x_wconf 89' lang='lat' dir='ltr'>sepiens</span> <span class='ocrx_word' id='word_1_130' title='bbox 877 1550 942 1618; x_wconf 85' lang='lat' dir='ltr'>loqui</span> <span class='ocrx_word' id='word_1_131' title='bbox 953 1567 978 1602; x_wconf 84' lang='lat' dir='ltr'>se</span> <span class='ocrx_word' id='word_1_132' title='bbox 990 1560 1084 1618; x_wconf 83' lang='lat' dir='ltr'>putent,</span> <span class='ocrx_word' id='word_1_133' title='bbox 1094 1555 1152 1606; x_wconf 87' lang='lat' dir='ltr'>dum</span> <span class='ocrx_word' id='word_1_134' title='bbox 1163 1559 1249 1622; x_wconf 59' lang='lat' dir='ltr'>pendi</span> 
     </span>
     <span class='ocr_line' id='line_1_14' title="bbox 146 1630 1249 1702; baseline -0.004 -16"><span class='ocrx_word' id='word_1_135' title='bbox 146 1642 206 1686; x_wconf 88' lang='lat' dir='ltr'>cent</span> <span class='ocrx_word' id='word_1_136' title='bbox 215 1633 355 1686; x_wconf 77' lang='lat' dir='ltr'>dimetiendi</span> <span class='ocrx_word' id='word_1_137' title='bbox 365 1633 500 1686; x_wconf 86' lang='lat' dir='ltr'>iecultstem</span> <span class='ocrx_word' id='word_1_138' title='bbox 510 1630 573 1682; x_wconf 84' lang='lat' dir='ltr'>circe</span> <span class='ocrx_word' id='word_1_139' title='bbox 582 1630 663 1680; x_wconf 85' lang='lat' dir='ltr'>omnis</span> <span class='ocrx_word' id='word_1_140' title='bbox 673 1646 728 1698; x_wconf 78' lang='lat' dir='ltr'>que</span> <span class='ocrx_word' id='word_1_141' title='bbox 738 1630 800 1682; x_wconf 82' lang='lat' dir='ltr'>bunt</span> <span class='ocrx_word' id='word_1_142' title='bbox 807 1633 902 1689; x_wconf 82' lang='lat' dir='ltr'>verseri.</span> <span class='ocrx_word' id='word_1_143' title='bbox 913 1647 976 1684; x_wconf 87' lang='lat' dir='ltr'>nunc</span> <span class='ocrx_word' id='word_1_144' title='bbox 993 1633 1093 1686; x_wconf 85' lang='lat' dir='ltr'>necidit.</span> <span class='ocrx_word' id='word_1_145' title='bbox 1126 1635 1249 1702; x_wconf 72' lang='lat' dir='ltr'>Quicquid</span> 
     </span>
     <span class='ocr_line' id='line_1_15' title="bbox 147 1711 1249 1780; baseline 0.004 -14"><span class='ocrx_word' id='word_1_146' title='bbox 147 1716 212 1766; x_wconf 83' lang='lat' dir='ltr'>enim</span> <span class='ocrx_word' id='word_1_147' title='bbox 223 1715 373 1766; x_wconf 82' lang='lat' dir='ltr'>srtiieiosnm</span> <span class='ocrx_word' id='word_1_148' title='bbox 383 1721 429 1772; x_wconf 79' lang='lat' dir='ltr'>est.</span> <span class='ocrx_word' id='word_1_149' title='bbox 438 1728 553 1764; x_wconf 74' lang='lat' dir='ltr'>mmsnrn</span> <span class='ocrx_word' id='word_1_150' title='bbox 560 1711 737 1778; x_wconf 84' lang='lat' dir='ltr'>quederssuodo</span> <span class='ocrx_word' id='word_1_151' title='bbox 748 1713 865 1778; x_wconf 81' lang='lat' dir='ltr'>perticeps</span> <span class='ocrx_word' id='word_1_152' title='bbox 875 1729 926 1764; x_wconf 86' lang='lat' dir='ltr'>esse</span> <span class='ocrx_word' id='word_1_153' title='bbox 936 1713 1056 1780; x_wconf 87' lang='lat' dir='ltr'>epporuit.</span> <span class='ocrx_word' id='word_1_154' title='bbox 1070 1717 1184 1780; x_wconf 86' lang='lat' dir='ltr'>qnonisrn</span> <span class='ocrx_word' id='word_1_155' title='bbox 1193 1734 1249 1770; x_wconf 79' lang='lat' dir='ltr'>vern</span> 
     </span>
     <span class='ocr_line' id='line_1_16' title="bbox 147 1793 1247 1862; baseline 0 -16"><span class='ocrx_word' id='word_1_156' title='bbox 147 1797 246 1862; x_wconf 85' lang='lat' dir='ltr'>quidem</span> <span class='ocrx_word' id='word_1_157' title='bbox 256 1796 386 1848; x_wconf 87' lang='lat' dir='ltr'>seeundnrn</span> <span class='ocrx_word' id='word_1_158' title='bbox 396 1795 489 1858; x_wconf 88' lang='lat' dir='ltr'>specics</span> <span class='ocrx_word' id='word_1_159' title='bbox 499 1793 647 1844; x_wconf 81' lang='lat' dir='ltr'>considerere</span> <span class='ocrx_word' id='word_1_160' title='bbox 658 1809 809 1858; x_wconf 79' lang='lat' dir='ltr'>nequequetn</span> <span class='ocrx_word' id='word_1_161' title='bbox 819 1801 1001 1854; x_wconf 73' lang='lat' dir='ltr'>consueverunt,</span> <span class='ocrx_word' id='word_1_162' title='bbox 1011 1795 1185 1862; x_wconf 83' lang='lat' dir='ltr'>distinguentes</span> <span class='ocrx_word' id='word_1_163' title='bbox 1194 1799 1247 1852; x_wconf 72' lang='lat' dir='ltr'>besu</span> 
     </span>
     <span class='ocr_line' id='line_1_17' title="bbox 149 1872 1248 1945; baseline 0 -17"><span class='ocrx_word' id='word_1_164' title='bbox 149 1885 198 1928; x_wconf 86' lang='lat' dir='ltr'>tem</span> <span class='ocrx_word' id='word_1_165' title='bbox 209 1876 303 1928; x_wconf 86' lang='lat' dir='ltr'>interse</span> <span class='ocrx_word' id='word_1_166' title='bbox 313 1875 447 1926; x_wconf 76' lang='lat' dir='ltr'>differentis</span> <span class='ocrx_word' id='word_1_167' title='bbox 457 1875 536 1926; x_wconf 88' lang='lat' dir='ltr'>stetisn</span> <span class='ocrx_word' id='word_1_168' title='bbox 546 1873 672 1926; x_wconf 80' lang='lat' dir='ltr'>conterent</span> <span class='ocrx_word' id='word_1_169' title='bbox 682 1874 708 1924; x_wconf 90' lang='lat' dir='ltr'>in</span> <span class='ocrx_word' id='word_1_170' title='bbox 723 1874 796 1934; x_wconf 81' lang='lat' dir='ltr'>idem,</span> <span class='ocrx_word' id='word_1_171' title='bbox 806 1873 893 1924; x_wconf 86' lang='lat' dir='ltr'>similiu</span> <span class='ocrx_word' id='word_1_172' title='bbox 903 1872 1048 1938; x_wconf 85' lang='lat' dir='ltr'>judieentes.</span> <span class='ocrx_word' id='word_1_173' title='bbox 1081 1875 1161 1943; x_wconf 82' lang='lat' dir='ltr'>Atque</span> <span class='ocrx_word' id='word_1_174' title='bbox 1175 1879 1248 1945; x_wconf 78' lang='lat' dir='ltr'>bnjes</span> 
     </span>
     <span class='ocr_line' id='line_1_18' title="bbox 147 1954 1247 2021; baseline -0.002 -11"><span class='ocrx_word' id='word_1_175' title='bbox 147 1955 291 2010; x_wconf 76' lang='lat' dir='ltr'>conburiusn</span> <span class='ocrx_word' id='word_1_176' title='bbox 305 1973 382 2008; x_wconf 80' lang='lat' dir='ltr'>ruress</span> <span class='ocrx_word' id='word_1_177' title='bbox 400 1956 516 2020; x_wconf 86' lang='lat' dir='ltr'>efficiunt,</span> <span class='ocrx_word' id='word_1_178' title='bbox 527 1971 581 2021; x_wconf 85' lang='lat' dir='ltr'>quse</span> <span class='ocrx_word' id='word_1_179' title='bbox 592 1955 665 2006; x_wconf 81' lang='lat' dir='ltr'>nitere</span> <span class='ocrx_word' id='word_1_180' title='bbox 675 1962 740 2014; x_wconf 84' lang='lat' dir='ltr'>sunt,</span> <span class='ocrx_word' id='word_1_181' title='bbox 755 1971 798 2019; x_wconf 88' lang='lat' dir='ltr'>per</span> <span class='ocrx_word' id='word_1_182' title='bbox 808 1962 886 2020; x_wconf 89' lang='lat' dir='ltr'>pertes</span> <span class='ocrx_word' id='word_1_183' title='bbox 896 1954 991 2006; x_wconf 73' lang='lat' dir='ltr'>minim</span> <span class='ocrx_word' id='word_1_184' title='bbox 1001 1955 1183 2020; x_wconf 68' lang='lat' dir='ltr'>distinguentes,</span> <span class='ocrx_word' id='word_1_185' title='bbox 1191 1976 1247 2012; x_wconf 86' lang='lat' dir='ltr'>cum</span> 
     </span>
     <span class='ocr_line' id='line_1_19' title="bbox 147 2034 1249 2104; baseline 0 -16"><span class='ocrx_word' id='word_1_186' title='bbox 147 2046 267 2104; x_wconf 85' lang='lat' dir='ltr'>eporteet,</span> <span class='ocrx_word' id='word_1_187' title='bbox 276 2039 373 2104; x_wconf 85' lang='lat' dir='ltr'>qusndo</span> <span class='ocrx_word' id='word_1_188' title='bbox 382 2038 437 2102; x_wconf 89' lang='lat' dir='ltr'>quis</span> <span class='ocrx_word' id='word_1_189' title='bbox 448 2037 524 2102; x_wconf 84' lang='lat' dir='ltr'>prime</span> <span class='ocrx_word' id='word_1_190' title='bbox 536 2036 662 2086; x_wconf 85' lang='lat' dir='ltr'>multorom</span> <span class='ocrx_word' id='word_1_191' title='bbox 674 2034 776 2100; x_wconf 79' lang='lat' dir='ltr'>percipit</span> <span class='ocrx_word' id='word_1_192' title='bbox 785 2035 983 2095; x_wconf 81' lang='lat' dir='ltr'>communionem,</span> <span class='ocrx_word' id='word_1_193' title='bbox 994 2051 1042 2086; x_wconf 86' lang='lat' dir='ltr'>non</span> <span class='ocrx_word' id='word_1_194' title='bbox 1051 2036 1114 2100; x_wconf 89' lang='lat' dir='ltr'>prius</span> <span class='ocrx_word' id='word_1_195' title='bbox 1124 2039 1249 2100; x_wconf 79' lang='lat' dir='ltr'>desistere,</span> 
     </span>
     <span class='ocr_line' id='line_1_20' title="bbox 148 2116 1249 2186; baseline -0.005 -16"><span class='ocrx_word' id='word_1_196' title='bbox 148 2135 220 2184; x_wconf 86' lang='lat' dir='ltr'>quem</span> <span class='ocrx_word' id='word_1_197' title='bbox 235 2119 380 2172; x_wconf 67' lang='lat' dir='ltr'>differesffiss</span> <span class='ocrx_word' id='word_1_198' title='bbox 396 2134 479 2168; x_wconf 86' lang='lat' dir='ltr'>omncs</span> <span class='ocrx_word' id='word_1_199' title='bbox 494 2119 520 2168; x_wconf 91' lang='lat' dir='ltr'>in</span> <span class='ocrx_word' id='word_1_200' title='bbox 538 2133 577 2182; x_wconf 87' lang='lat' dir='ltr'>ee,</span> <span class='ocrx_word' id='word_1_201' title='bbox 588 2133 642 2182; x_wconf 74' lang='lat' dir='ltr'>que</span> <span class='ocrx_word' id='word_1_202' title='bbox 658 2118 684 2166; x_wconf 89' lang='lat' dir='ltr'>in</span> <span class='ocrx_word' id='word_1_203' title='bbox 701 2116 827 2182; x_wconf 78' lang='lat' dir='ltr'>speciebus</span> <span class='ocrx_word' id='word_1_204' title='bbox 844 2116 996 2181; x_wconf 84' lang='lat' dir='ltr'>cleuduntur,</span> <span class='ocrx_word' id='word_1_205' title='bbox 1013 2116 1158 2182; x_wconf 78' lang='lat' dir='ltr'>inspeserits</span> <span class='ocrx_word' id='word_1_206' title='bbox 1175 2127 1249 2186; x_wconf 61' lang='lat' dir='ltr'>etque</span> 
     </span>
     <span class='ocr_line' id='line_1_21' title="bbox 148 2195 1247 2265; baseline 0.002 -15"><span class='ocrx_word' id='word_1_207' title='bbox 148 2200 242 2259; x_wconf 79' lang='lat' dir='ltr'>iterum,</span> <span class='ocrx_word' id='word_1_208' title='bbox 251 2199 361 2265; x_wconf 85' lang='lat' dir='ltr'>quotiens</span> <span class='ocrx_word' id='word_1_209' title='bbox 372 2197 576 2248; x_wconf 66' lang='lat' dir='ltr'>dissimilitudines</span> <span class='ocrx_word' id='word_1_210' title='bbox 587 2197 701 2262; x_wconf 88' lang='lat' dir='ltr'>plurimes</span> <span class='ocrx_word' id='word_1_211' title='bbox 714 2197 740 2246; x_wconf 90' lang='lat' dir='ltr'>in</span> <span class='ocrx_word' id='word_1_212' title='bbox 750 2195 903 2246; x_wconf 85' lang='lat' dir='ltr'>multitudine</span> <span class='ocrx_word' id='word_1_213' title='bbox 912 2197 985 2246; x_wconf 86' lang='lat' dir='ltr'>sentit</span> <span class='ocrx_word' id='word_1_214' title='bbox 995 2206 1021 2248; x_wconf 87' lang='lat' dir='ltr'>et</span> <span class='ocrx_word' id='word_1_215' title='bbox 1033 2213 1096 2264; x_wconf 78' lang='lat' dir='ltr'>egre</span> <span class='ocrx_word' id='word_1_216' title='bbox 1106 2199 1188 2258; x_wconf 87' lang='lat' dir='ltr'>sentit.</span> <span class='ocrx_word' id='word_1_217' title='bbox 1198 2215 1247 2252; x_wconf 87' lang='lat' dir='ltr'>uon</span> 
     </span>
     <span class='ocr_line' id='line_1_22' title="bbox 148 2277 1248 2345; baseline 0.002 -15"><span class='ocrx_word' id='word_1_218' title='bbox 148 2280 214 2344; x_wconf 90' lang='lat' dir='ltr'>prius</span> <span class='ocrx_word' id='word_1_219' title='bbox 224 2281 255 2332; x_wconf 84' lang='lat' dir='ltr'>eb</span> <span class='ocrx_word' id='word_1_220' title='bbox 266 2281 310 2332; x_wconf 80' lang='lat' dir='ltr'>heo</span> <span class='ocrx_word' id='word_1_221' title='bbox 326 2289 436 2343; x_wconf 88' lang='lat' dir='ltr'>espectus</span> <span class='ocrx_word' id='word_1_222' title='bbox 454 2277 560 2328; x_wconf 84' lang='lat' dir='ltr'>molestie</span> <span class='ocrx_word' id='word_1_223' title='bbox 576 2278 690 2328; x_wconf 72' lang='lat' dir='ltr'>desistens</span> <span class='ocrx_word' id='word_1_224' title='bbox 706 2291 786 2342; x_wconf 86' lang='lat' dir='ltr'>posse,</span> <span class='ocrx_word' id='word_1_225' title='bbox 798 2292 871 2340; x_wconf 87' lang='lat' dir='ltr'>quern</span> <span class='ocrx_word' id='word_1_226' title='bbox 885 2285 983 2338; x_wconf 80' lang='lat' dir='ltr'>cuncte,</span> <span class='ocrx_word' id='word_1_227' title='bbox 995 2294 1050 2342; x_wconf 83' lang='lat' dir='ltr'>qun</span> <span class='ocrx_word' id='word_1_228' title='bbox 1068 2288 1248 2345; x_wconf 68' lang='lat' dir='ltr'>cngnstssnns,</span> 
     </span>
     <span class='ocr_line' id='line_1_23' title="bbox 146 2358 1247 2424; baseline 0.004 -14"><span class='ocrx_word' id='word_1_229' title='bbox 146 2359 210 2410; x_wconf 87' lang='lat' dir='ltr'>intre</span> <span class='ocrx_word' id='word_1_230' title='bbox 220 2359 386 2424; x_wconf 85' lang='lat' dir='ltr'>cogsetienens</span> <span class='ocrx_word' id='word_1_231' title='bbox 398 2374 467 2408; x_wconf 86' lang='lat' dir='ltr'>unem</span> <span class='ocrx_word' id='word_1_232' title='bbox 484 2359 702 2424; x_wconf 72' lang='lat' dir='ltr'>proprietatemque</span> <span class='ocrx_word' id='word_1_233' title='bbox 718 2359 873 2422; x_wconf 83' lang='lat' dir='ltr'>concludens,</span> <span class='ocrx_word' id='word_1_234' title='bbox 885 2358 955 2408; x_wconf 88' lang='lat' dir='ltr'>unius</span> <span class='ocrx_word' id='word_1_235' title='bbox 973 2359 1065 2424; x_wconf 83' lang='lat' dir='ltr'>generis</span> <span class='ocrx_word' id='word_1_236' title='bbox 1084 2362 1186 2412; x_wconf 86' lang='lat' dir='ltr'>essentis</span> <span class='ocrx_word' id='word_1_237' title='bbox 1197 2380 1247 2414; x_wconf 88' lang='lat' dir='ltr'>ses-</span> 
     </span>
     <span class='ocr_line' id='line_1_24' title="bbox 147 2439 1246 2505; baseline 0.006 -16"><span class='ocrx_word' id='word_1_238' title='bbox 147 2441 203 2494; x_wconf 85' lang='lat' dir='ltr'>tlst.</span> <span class='ocrx_word' id='word_1_239' title='bbox 235 2439 275 2492; x_wconf 86' lang='lat' dir='ltr'>De</span> <span class='ocrx_word' id='word_1_240' title='bbox 290 2440 327 2490; x_wconf 88' lang='lat' dir='ltr'>his</span> <span class='ocrx_word' id='word_1_241' title='bbox 344 2440 414 2505; x_wconf 85' lang='lat' dir='ltr'>igitur</span> <span class='ocrx_word' id='word_1_242' title='bbox 431 2440 509 2504; x_wconf 83' lang='lat' dir='ltr'>dequo</span> <span class='ocrx_word' id='word_1_243' title='bbox 527 2440 661 2492; x_wconf 76' lang='lat' dir='ltr'>excessibus</span> <span class='ocrx_word' id='word_1_244' title='bbox 679 2448 751 2505; x_wconf 86' lang='lat' dir='ltr'>etque</span> <span class='ocrx_word' id='word_1_245' title='bbox 769 2439 902 2490; x_wconf 76' lang='lat' dir='ltr'>defectibus</span> <span class='ocrx_word' id='word_1_246' title='bbox 920 2441 971 2490; x_wconf 80' lang='lat' dir='ltr'>bec</span> <span class='ocrx_word' id='word_1_247' title='bbox 990 2440 1055 2490; x_wconf 85' lang='lat' dir='ltr'>diets</span> <span class='ocrx_word' id='word_1_248' title='bbox 1072 2441 1204 2494; x_wconf 72' lang='lat' dir='ltr'>sufficiente</span> <span class='ocrx_word' id='word_1_249' title='bbox 1219 2444 1246 2496; x_wconf 86' lang='lat' dir='ltr'>id</span> 
     </span>
     <span class='ocr_line' id='line_1_25' title="bbox 146 2519 1248 2586; baseline 0.002 -14"><span class='ocrx_word' id='word_1_250' title='bbox 146 2529 228 2572; x_wconf 85' lang='lat' dir='ltr'>entem</span> <span class='ocrx_word' id='word_1_251' title='bbox 239 2521 361 2572; x_wconf 87' lang='lat' dir='ltr'>dumteset</span> <span class='ocrx_word' id='word_1_252' title='bbox 378 2521 527 2580; x_wconf 71' lang='lat' dir='ltr'>terrendum,</span> <span class='ocrx_word' id='word_1_253' title='bbox 538 2521 587 2570; x_wconf 91' lang='lat' dir='ltr'>duo</span> <span class='ocrx_word' id='word_1_254' title='bbox 603 2519 715 2572; x_wconf 84' lang='lat' dir='ltr'>videlicet</span> <span class='ocrx_word' id='word_1_255' title='bbox 734 2535 820 2586; x_wconf 80' lang='lat' dir='ltr'>genere</span> <span class='ocrx_word' id='word_1_256' title='bbox 838 2521 902 2570; x_wconf 85' lang='lat' dir='ltr'>circe</span> <span class='ocrx_word' id='word_1_257' title='bbox 917 2520 969 2584; x_wconf 90' lang='lat' dir='ltr'>ipse</span> <span class='ocrx_word' id='word_1_258' title='bbox 986 2535 1100 2572; x_wconf 78' lang='lat' dir='ltr'>mensure</span> <span class='ocrx_word' id='word_1_259' title='bbox 1118 2523 1248 2574; x_wconf 85' lang='lat' dir='ltr'>sdinrents</span> 
     </span>
     <span class='ocr_line' id='line_1_26' title="bbox 146 2598 1248 2666; baseline -0.001 -14"><span class='ocrx_word' id='word_1_260' title='bbox 146 2601 231 2665; x_wconf 80' lang='lat' dir='ltr'>luisse,</span> <span class='ocrx_word' id='word_1_261' title='bbox 249 2609 344 2666; x_wconf 79' lang='lat' dir='ltr'>etque</span> <span class='ocrx_word' id='word_1_262' title='bbox 361 2601 407 2651; x_wconf 91' lang='lat' dir='ltr'>ists</span> <span class='ocrx_word' id='word_1_263' title='bbox 425 2600 483 2664; x_wconf 87' lang='lat' dir='ltr'>sint,</span> <span class='ocrx_word' id='word_1_264' title='bbox 501 2608 582 2650; x_wconf 87' lang='lat' dir='ltr'>mente</span> <span class='ocrx_word' id='word_1_265' title='bbox 598 2600 736 2650; x_wconf 86' lang='lat' dir='ltr'>tenendum.</span> <span class='ocrx_word' id='word_1_266' title='bbox 768 2599 813 2652; x_wconf 90' lang='grc' dir='ltr'>8ο.</span> <span class='ocrx_word' id='word_1_267' title='bbox 827 2598 978 2650; x_wconf 81' lang='lat' dir='ltr'>Tenebimus.</span> <span class='ocrx_word' id='word_1_268' title='bbox 1011 2599 1093 2652; x_wconf 82' lang='lat' dir='ltr'>Heus.</span> <span class='ocrx_word' id='word_1_269' title='bbox 1110 2601 1169 2652; x_wconf 86' lang='lat' dir='ltr'>Post</span> <span class='ocrx_word' id='word_1_270' title='bbox 1184 2604 1248 2656; x_wconf 84' lang='lat' dir='ltr'>hune</span> 
     </span>
     <span class='ocr_line' id='line_1_27' title="bbox 147 2679 1248 2746; baseline -0.009 -12"><span class='ocrx_word' id='word_1_271' title='bbox 147 2698 277 2736; x_wconf 84' lang='lat' dir='ltr'>sermonem</span> <span class='ocrx_word' id='word_1_272' title='bbox 288 2682 361 2732; x_wconf 85' lang='lat' dir='ltr'>elium</span> <span class='ocrx_word' id='word_1_273' title='bbox 379 2696 523 2732; x_wconf 80' lang='lat' dir='ltr'>sssunsernus</span> <span class='ocrx_word' id='word_1_274' title='bbox 538 2681 569 2732; x_wconf 91' lang='lat' dir='ltr'>ds</span> <span class='ocrx_word' id='word_1_275' title='bbox 588 2681 625 2732; x_wconf 88' lang='lat' dir='ltr'>bis</span> <span class='ocrx_word' id='word_1_276' title='bbox 635 2695 689 2745; x_wconf 79' lang='lat' dir='ltr'>quse</span> <span class='ocrx_word' id='word_1_277' title='bbox 700 2679 771 2730; x_wconf 85' lang='lat' dir='ltr'>modo</span> <span class='ocrx_word' id='word_1_278' title='bbox 781 2679 955 2744; x_wconf 81' lang='lat' dir='ltr'>querebantur.</span> <span class='ocrx_word' id='word_1_279' title='bbox 965 2679 1043 2744; x_wconf 86' lang='lat' dir='ltr'>deque</span> <span class='ocrx_word' id='word_1_280' title='bbox 1054 2680 1119 2728; x_wconf 84' lang='lat' dir='ltr'>omni</span> <span class='ocrx_word' id='word_1_281' title='bbox 1137 2681 1248 2746; x_wconf 57' lang='lat' dir='ltr'>hujusce.</span> 
     </span>
     <span class='ocr_line' id='line_1_28' title="bbox 148 2759 1246 2830; baseline -0.003 -14"><span class='ocrx_word' id='word_1_282' title='bbox 148 2764 213 2816; x_wconf 79' lang='lat' dir='ltr'>nsodl</span> <span class='ocrx_word' id='word_1_283' title='bbox 221 2780 354 2816; x_wconf 79' lang='lat' dir='ltr'>sermonum</span> <span class='ocrx_word' id='word_1_284' title='bbox 364 2762 513 2816; x_wconf 79' lang='lat' dir='ltr'>nectetione.</span> <span class='ocrx_word' id='word_1_285' title='bbox 545 2763 589 2816; x_wconf 97' lang='grc'><strong>80.</strong></span> <span class='ocrx_word' id='word_1_286' title='bbox 608 2761 674 2820; x_wconf 85' lang='lat' dir='ltr'>Quid</span> <span class='ocrx_word' id='word_1_287' title='bbox 685 2761 768 2812; x_wconf 83' lang='lat' dir='ltr'>istud?</span> <span class='ocrx_word' id='word_1_288' title='bbox 801 2759 884 2830; x_wconf 75' lang='lat' dir='ltr'>lions.</span> <span class='ocrx_word' id='word_1_289' title='bbox 900 2759 926 2810; x_wconf 89' lang='lat' dir='ltr'>Si</span> <span class='ocrx_word' id='word_1_290' title='bbox 937 2759 990 2826; x_wconf 89' lang='lat' dir='ltr'>quis</span> <span class='ocrx_word' id='word_1_291' title='bbox 1000 2760 1061 2810; x_wconf 88' lang='lat' dir='ltr'>leste</span> <span class='ocrx_word' id='word_1_292' title='bbox 1069 2775 1113 2810; x_wconf 89' lang='lat' dir='ltr'>nos</span> <span class='ocrx_word' id='word_1_293' title='bbox 1122 2770 1246 2828; x_wconf 81' lang='lat' dir='ltr'>percunte·</span> 
     </span>
     <span class='ocr_line' id='line_1_29' title="bbox 146 2841 1248 2909; baseline 0.001 -15"><span class='ocrx_word' id='word_1_294' title='bbox 146 2854 185 2894; x_wconf 91' lang='lat' dir='ltr'>tur</span> <span class='ocrx_word' id='word_1_295' title='bbox 193 2846 226 2896; x_wconf 86' lang='lat' dir='ltr'>de</span> <span class='ocrx_word' id='word_1_296' title='bbox 236 2860 360 2909; x_wconf 87' lang='lat' dir='ltr'>puerorum</span> <span class='ocrx_word' id='word_1_297' title='bbox 371 2844 434 2896; x_wconf 86' lang='lat' dir='ltr'>circe</span> <span class='ocrx_word' id='word_1_298' title='bbox 444 2843 524 2892; x_wconf 88' lang='lat' dir='ltr'>literes</span> <span class='ocrx_word' id='word_1_299' title='bbox 533 2842 710 2906; x_wconf 78' lang='lat' dir='ltr'>eseretssrtone,</span> <span class='ocrx_word' id='word_1_300' title='bbox 721 2842 818 2908; x_wconf 87' lang='lat' dir='ltr'>qnendo</span> <span class='ocrx_word' id='word_1_301' title='bbox 835 2841 1016 2906; x_wconf 73' lang='lat' dir='ltr'>interrogentur,</span> <span class='ocrx_word' id='word_1_302' title='bbox 1026 2841 1112 2906; x_wconf 89' lang='lat' dir='ltr'>quibus</span> <span class='ocrx_word' id='word_1_303' title='bbox 1127 2858 1156 2890; x_wconf 82' lang='lat' dir='ltr'>ex</span> <span class='ocrx_word' id='word_1_304' title='bbox 1173 2843 1248 2895; x_wconf 90' lang='lat' dir='ltr'>literis</span> 
     </span>
     <span class='ocr_line' id='line_1_30' title="bbox 146 2921 1247 2991; baseline 0 -15"><span class='ocrx_word' id='word_1_305' title='bbox 146 2941 234 2976; x_wconf 88' lang='lat' dir='ltr'>nornen</span> <span class='ocrx_word' id='word_1_306' title='bbox 241 2925 338 2991; x_wconf 86' lang='lat' dir='ltr'>eliquod</span> <span class='ocrx_word' id='word_1_307' title='bbox 349 2933 451 2988; x_wconf 85' lang='lat' dir='ltr'>constet,</span> <span class='ocrx_word' id='word_1_308' title='bbox 460 2932 537 2974; x_wconf 83' lang='lat' dir='ltr'>utrum</span> <span class='ocrx_word' id='word_1_309' title='bbox 548 2934 658 2990; x_wconf 89' lang='lat' dir='ltr'>putemus</span> <span class='ocrx_word' id='word_1_310' title='bbox 668 2931 725 2974; x_wconf 78' lang='lat' dir='ltr'>tnnc</span> <span class='ocrx_word' id='word_1_311' title='bbox 736 2939 778 2972; x_wconf 88' lang='lat' dir='ltr'>eus</span> <span class='ocrx_word' id='word_1_312' title='bbox 785 2921 923 2986; x_wconf 85' lang='lat' dir='ltr'>interrogeri</span> <span class='ocrx_word' id='word_1_313' title='bbox 933 2921 1003 2972; x_wconf 91' lang='lat' dir='ltr'>unius</span> <span class='ocrx_word' id='word_1_314' title='bbox 1013 2922 1134 2972; x_wconf 86' lang='lat' dir='ltr'>dumteset</span> <span class='ocrx_word' id='word_1_315' title='bbox 1145 2925 1247 2976; x_wconf 86' lang='lat' dir='ltr'>neminis</span> 
     </span>
     <span class='ocr_line' id='line_1_31' title="bbox 147 3001 1247 3072; baseline -0.002 -16"><span class='ocrx_word' id='word_1_316' title='bbox 147 3005 212 3058; x_wconf 85' lang='lat' dir='ltr'>iilius</span> <span class='ocrx_word' id='word_1_317' title='bbox 221 3007 357 3058; x_wconf 70' lang='lat' dir='ltr'>desnnnffi</span> <span class='ocrx_word' id='word_1_318' title='bbox 368 3006 451 3072; x_wconf 81' lang='lat' dir='ltr'>gretie,</span> <span class='ocrx_word' id='word_1_319' title='bbox 462 3020 493 3055; x_wconf 89' lang='lat' dir='ltr'>en</span> <span class='ocrx_word' id='word_1_320' title='bbox 505 3006 584 3072; x_wconf 85' lang='lat' dir='ltr'>potius</span> <span class='ocrx_word' id='word_1_321' title='bbox 595 3012 623 3056; x_wconf 91' lang='lat' dir='ltr'>ut</span> <span class='ocrx_word' id='word_1_322' title='bbox 638 3005 664 3054; x_wconf 91' lang='lat' dir='ltr'>in</span> <span class='ocrx_word' id='word_1_323' title='bbox 680 3004 745 3054; x_wconf 88' lang='lat' dir='ltr'>omni</span> <span class='ocrx_word' id='word_1_324' title='bbox 755 3001 907 3069; x_wconf 81' lang='lat' dir='ltr'>gremmstice</span> <span class='ocrx_word' id='word_1_325' title='bbox 917 3001 1055 3052; x_wconf 82' lang='lat' dir='ltr'>eruditiores</span> <span class='ocrx_word' id='word_1_326' title='bbox 1065 3003 1177 3062; x_wconf 82' lang='lat' dir='ltr'>credent,</span> <span class='ocrx_word' id='word_1_327' title='bbox 1187 3005 1247 3070; x_wconf 88' lang='lat' dir='ltr'>quid</span> 
     </span>
     <span class='ocr_line' id='line_1_32' title="bbox 145 3083 1246 3152; baseline -0.001 -16"><span class='ocrx_word' id='word_1_328' title='bbox 145 3087 357 3152; x_wconf 79' lang='lat' dir='ltr'>respondebimus?</span> <span class='ocrx_word' id='word_1_329' title='bbox 389 3087 434 3138; x_wconf 87' lang='grc'><strong>80.</strong></span> <span class='ocrx_word' id='word_1_330' title='bbox 452 3086 528 3138; x_wconf 87' lang='lat' dir='ltr'>Utin</span> <span class='ocrx_word' id='word_1_331' title='bbox 548 3087 613 3138; x_wconf 86' lang='lat' dir='ltr'>omni</span> <span class='ocrx_word' id='word_1_332' title='bbox 632 3087 793 3152; x_wconf 84' lang='lat' dir='ltr'>gremmetice.</span> <span class='ocrx_word' id='word_1_333' title='bbox 825 3084 907 3134; x_wconf 82' lang='lat' dir='ltr'>iIoee.</span> <span class='ocrx_word' id='word_1_334' title='bbox 924 3083 991 3144; x_wconf 86' lang='lat' dir='ltr'>Quid</span> <span class='ocrx_word' id='word_1_335' title='bbox 1007 3083 1092 3148; x_wconf 81' lang='lat' dir='ltr'>pono?</span> <span class='ocrx_word' id='word_1_336' title='bbox 1109 3084 1184 3134; x_wconf 80' lang='lat' dir='ltr'>civilis</span> <span class='ocrx_word' id='word_1_337' title='bbox 1201 3085 1246 3136; x_wconf 86' lang='lat' dir='ltr'>viri</span> 
     </span>
     <span class='ocr_line' id='line_1_33' title="bbox 146 3163 1246 3234; baseline 0 -18"><span class='ocrx_word' id='word_1_338' title='bbox 146 3167 268 3234; x_wconf 83' lang='lat' dir='ltr'>indegstio</span> <span class='ocrx_word' id='word_1_339' title='bbox 284 3168 353 3216; x_wconf 86' lang='lat' dir='ltr'>nobis</span> <span class='ocrx_word' id='word_1_340' title='bbox 364 3166 438 3231; x_wconf 88' lang='lat' dir='ltr'>ipsius</span> <span class='ocrx_word' id='word_1_341' title='bbox 454 3168 529 3231; x_wconf 79' lang='lat' dir='ltr'>gretie</span> <span class='ocrx_word' id='word_1_342' title='bbox 544 3166 619 3230; x_wconf 83' lang='lat' dir='ltr'>megis</span> <span class='ocrx_word' id='word_1_343' title='bbox 635 3167 757 3232; x_wconf 80' lang='lat' dir='ltr'>preposite</span> <span class='ocrx_word' id='word_1_344' title='bbox 772 3173 818 3229; x_wconf 86' lang='lat' dir='ltr'>est,</span> <span class='ocrx_word' id='word_1_345' title='bbox 829 3180 900 3230; x_wconf 90' lang='lat' dir='ltr'>quern</span> <span class='ocrx_word' id='word_1_346' title='bbox 911 3171 938 3211; x_wconf 92' lang='lat' dir='ltr'>ut</span> <span class='ocrx_word' id='word_1_347' title='bbox 948 3163 973 3211; x_wconf 92' lang='lat' dir='ltr'>in</span> <span class='ocrx_word' id='word_1_348' title='bbox 984 3164 1093 3214; x_wconf 85' lang='lat' dir='ltr'>omnibus</span> <span class='ocrx_word' id='word_1_349' title='bbox 1102 3165 1246 3216; x_wconf 82' lang='lat' dir='ltr'>disserendis</span> 
     </span>
     <span class='ocr_line' id='line_1_34' title="bbox 145 3242 1246 3311; baseline -0.005 -11"><span class='ocrx_word' id='word_1_350' title='bbox 145 3249 262 3301; x_wconf 86' lang='lat' dir='ltr'>ecutiores</span> <span class='ocrx_word' id='word_1_351' title='bbox 272 3249 417 3300; x_wconf 76' lang='lat' dir='ltr'>efficiemur?</span> <span class='ocrx_word' id='word_1_352' title='bbox 450 3247 493 3298; x_wconf 87' lang='grc'><strong>80.</strong></span> <span class='ocrx_word' id='word_1_353' title='bbox 509 3246 581 3294; x_wconf 86' lang='lat' dir='ltr'>Petet</span> <span class='ocrx_word' id='word_1_354' title='bbox 595 3247 621 3294; x_wconf 94' lang='lat' dir='ltr'>id</span> <span class='ocrx_word' id='word_1_355' title='bbox 636 3261 742 3310; x_wconf 85' lang='lat' dir='ltr'>quoque,</span> <span class='ocrx_word' id='word_1_356' title='bbox 753 3246 818 3311; x_wconf 89' lang='lat' dir='ltr'>quod</span> <span class='ocrx_word' id='word_1_357' title='bbox 830 3242 935 3294; x_wconf 89' lang='lat' dir='ltr'>omniurn</span> <span class='ocrx_word' id='word_1_358' title='bbox 951 3242 1035 3306; x_wconf 81' lang='lat' dir='ltr'>gretie.</span> <span class='ocrx_word' id='word_1_359' title='bbox 1068 3244 1149 3293; x_wconf 79' lang='lat' dir='ltr'>Hosn.</span> <span class='ocrx_word' id='word_1_360' title='bbox 1164 3243 1246 3295; x_wconf 87' lang='lat' dir='ltr'>Nemo</span> 
     </span>
     <span class='ocr_line' id='line_1_35' title="bbox 146 3320 1247 3396; baseline -0.005 -16"><span class='ocrx_word' id='word_1_361' title='bbox 146 3331 230 3396; x_wconf 89' lang='lat' dir='ltr'>utique</span> <span class='ocrx_word' id='word_1_362' title='bbox 247 3329 333 3380; x_wconf 87' lang='lat' dir='ltr'>ruentis</span> <span class='ocrx_word' id='word_1_363' title='bbox 349 3343 448 3390; x_wconf 83' lang='lat' dir='ltr'>compos</span> <span class='ocrx_word' id='word_1_364' title='bbox 463 3325 567 3376; x_wconf 68' lang='lat' dir='ltr'>mstndm</span> <span class='ocrx_word' id='word_1_365' title='bbox 585 3324 703 3374; x_wconf 80' lang='lat' dir='ltr'>leculmtis</span> <span class='ocrx_word' id='word_1_366' title='bbox 720 3323 835 3372; x_wconf 87' lang='lat' dir='ltr'>rntionens</span> <span class='ocrx_word' id='word_1_367' title='bbox 852 3320 927 3386; x_wconf 91' lang='lat' dir='ltr'>ipsius</span> <span class='ocrx_word' id='word_1_368' title='bbox 943 3321 1065 3370; x_wconf 85' lang='lat' dir='ltr'>dumtsret</span> <span class='ocrx_word' id='word_1_369' title='bbox 1080 3323 1155 3386; x_wconf 79' lang='lat' dir='ltr'>gretie</span> <span class='ocrx_word' id='word_1_370' title='bbox 1165 3325 1247 3374; x_wconf 82' lang='lat' dir='ltr'>reneri</span> 
     </span>
     <span class='ocr_line' id='line_1_36' title="bbox 142 3401 1246 3470; baseline -0.009 -6"><span class='ocrx_word' id='word_1_371' title='bbox 142 3411 309 3464; x_wconf 80' lang='lat' dir='ltr'>contenderet.</span> <span class='ocrx_word' id='word_1_372' title='bbox 343 3409 430 3460; x_wconf 80' lang='lat' dir='ltr'>Verum</span> <span class='ocrx_word' id='word_1_373' title='bbox 441 3406 553 3470; x_wconf 87' lang='lat' dir='ltr'>plurimos</span> <span class='ocrx_word' id='word_1_374' title='bbox 562 3404 629 3462; x_wconf 80' lang='lat' dir='ltr'>lutet,</span> <span class='ocrx_word' id='word_1_375' title='bbox 639 3413 667 3452; x_wconf 88' lang='lat' dir='ltr'>ut</span> <span class='ocrx_word' id='word_1_376' title='bbox 676 3404 782 3463; x_wconf 79' lang='lat' dir='ltr'>arbitror,</span> <span class='ocrx_word' id='word_1_377' title='bbox 793 3417 868 3452; x_wconf 86' lang='lat' dir='ltr'>rerum</span> <span class='ocrx_word' id='word_1_378' title='bbox 878 3401 1024 3465; x_wconf 79' lang='lat' dir='ltr'>querendum</span> <span class='ocrx_word' id='word_1_379' title='bbox 1033 3402 1129 3466; x_wconf 85' lang='lat' dir='ltr'>cognitu</span> <span class='ocrx_word' id='word_1_380' title='bbox 1140 3403 1246 3454; x_wconf 81' lang='lat' dir='ltr'>lucilium</span> 
     </span>
     <span class='ocr_line' id='line_1_37' title="bbox 145 3481 1245 3563; baseline -0.005 -21"><span class='ocrx_word' id='word_1_381' title='bbox 145 3489 269 3563; x_wconf 74' lang='lat' dir='ltr'>sensibiles</span> <span class='ocrx_word' id='word_1_382' title='bbox 279 3487 405 3540; x_wconf 86' lang='lat' dir='ltr'>nonsrullss</span> <span class='ocrx_word' id='word_1_383' title='bbox 415 3486 530 3551; x_wconf 76' lang='lat' dir='ltr'>imagines</span> <span class='ocrx_word' id='word_1_384' title='bbox 541 3499 600 3544; x_wconf 81' lang='lat' dir='ltr'>esse.</span> <span class='ocrx_word' id='word_1_385' title='bbox 610 3500 669 3550; x_wconf 82' lang='lat' dir='ltr'>ques</span> <span class='ocrx_word' id='word_1_386' title='bbox 680 3484 798 3534; x_wconf 83' lang='lat' dir='ltr'>deelerere</span> <span class='ocrx_word' id='word_1_387' title='bbox 810 3496 959 3546; x_wconf 86' lang='lat' dir='ltr'>nequsqnem</span> <span class='ocrx_word' id='word_1_388' title='bbox 970 3481 1069 3530; x_wconf 87' lang='lat' dir='ltr'>erduum</span> <span class='ocrx_word' id='word_1_389' title='bbox 1080 3489 1125 3542; x_wconf 86' lang='lat' dir='ltr'>est,</span> <span class='ocrx_word' id='word_1_390' title='bbox 1135 3484 1245 3548; x_wconf 87' lang='lat' dir='ltr'>quotiens</span> 
     </span>
     <span class='ocr_line' id='line_1_38' title="bbox 145 3561 1244 3640; baseline -0.013 -15"><span class='ocrx_word' id='word_1_391' title='bbox 145 3575 252 3640; x_wconf 78' lang='lat' dir='ltr'>ipsorum</span> <span class='ocrx_word' id='word_1_392' title='bbox 263 3571 350 3636; x_wconf 87' lang='lat' dir='ltr'>eliqnis</span> <span class='ocrx_word' id='word_1_393' title='bbox 361 3569 410 3620; x_wconf 87' lang='lat' dir='ltr'>suit</span> <span class='ocrx_word' id='word_1_394' title='bbox 420 3569 490 3619; x_wconf 85' lang='lat' dir='ltr'>elicui</span> <span class='ocrx_word' id='word_1_395' title='bbox 501 3565 615 3620; x_wconf 72' lang='lat' dir='ltr'>rationem</span> <span class='ocrx_word' id='word_1_396' title='bbox 626 3567 657 3616; x_wconf 93' lang='lat' dir='ltr'>de</span> <span class='ocrx_word' id='word_1_397' title='bbox 667 3566 748 3630; x_wconf 87' lang='lat' dir='ltr'>sliquo</span> <span class='ocrx_word' id='word_1_398' title='bbox 760 3562 914 3629; x_wconf 74' lang='lat' dir='ltr'>perquirenti.</span> <span class='ocrx_word' id='word_1_399' title='bbox 926 3577 974 3610; x_wconf 89' lang='lat' dir='ltr'>nen</span> <span class='ocrx_word' id='word_1_400' title='bbox 985 3577 1039 3612; x_wconf 90' lang='lat' dir='ltr'>curn</span> <span class='ocrx_word' id='word_1_401' title='bbox 1047 3561 1103 3626; x_wconf 90' lang='lat' dir='ltr'>ipsis</span> <span class='ocrx_word' id='word_1_402' title='bbox 1114 3565 1191 3622; x_wconf 86' lang='lat' dir='ltr'>rebus,</span> <span class='ocrx_word' id='word_1_403' title='bbox 1201 3565 1244 3616; x_wconf 85' lang='lat' dir='ltr'>sed</span> 
     </span>
     <span class='ocr_line' id='line_1_39' title="bbox 145 3642 1245 3709; baseline -0.013 -4"><span class='ocrx_word' id='word_1_404' title='bbox 145 3669 251 3706; x_wconf 74' lang='lat' dir='ltr'>seorsm</span> <span class='ocrx_word' id='word_1_405' title='bbox 261 3651 352 3702; x_wconf 86' lang='lat' dir='ltr'>retioue</span> <span class='ocrx_word' id='word_1_406' title='bbox 360 3651 603 3701; x_wconf 82' lang='lat' dir='ltr'>iseiledernonstrere.</span> <span class='ocrx_word' id='word_1_407' title='bbox 636 3647 725 3698; x_wconf 82' lang='lat' dir='ltr'>Remus</span> <span class='ocrx_word' id='word_1_408' title='bbox 736 3653 816 3696; x_wconf 84' lang='lat' dir='ltr'>entem</span> <span class='ocrx_word' id='word_1_409' title='bbox 824 3643 973 3694; x_wconf 85' lang='lat' dir='ltr'>mesimerurn</span> <span class='ocrx_word' id='word_1_410' title='bbox 982 3642 1245 3709; x_wconf 86' lang='lat' dir='ltr'>pretiosissirnernrnque</span> 
     </span>
     <span class='ocr_line' id='line_1_40' title="bbox 146 3723 1245 3798; baseline -0.009 -12"><span class='ocrx_word' id='word_1_411' title='bbox 146 3735 213 3786; x_wconf 86' lang='lat' dir='ltr'>nulls</span> <span class='ocrx_word' id='word_1_412' title='bbox 222 3741 260 3786; x_wconf 90' lang='lat' dir='ltr'>est</span> <span class='ocrx_word' id='word_1_413' title='bbox 274 3734 355 3798; x_wconf 82' lang='lat' dir='ltr'>irnego</span> <span class='ocrx_word' id='word_1_414' title='bbox 372 3732 446 3797; x_wconf 69' lang='grc'><strong>[886]</strong></span> <span class='ocrx_word' id='word_1_415' title='bbox 464 3731 494 3782; x_wconf 90' lang='lat' dir='ltr'>ed</span> <span class='ocrx_word' id='word_1_416' title='bbox 511 3731 617 3780; x_wconf 83' lang='lat' dir='ltr'>homines</span> <span class='ocrx_word' id='word_1_417' title='bbox 636 3729 760 3796; x_wconf 85' lang='lat' dir='ltr'>perspicue</span> <span class='ocrx_word' id='word_1_418' title='bbox 776 3727 903 3777; x_wconf 74' lang='lat' dir='ltr'>lubricatur</span> <span class='ocrx_word' id='word_1_419' title='bbox 920 3739 968 3790; x_wconf 90' lang='lat' dir='ltr'>que</span> <span class='ocrx_word' id='word_1_420' title='bbox 979 3731 1073 3774; x_wconf 89' lang='lat' dir='ltr'>estense</span> <span class='ocrx_word' id='word_1_421' title='bbox 1081 3723 1122 3788; x_wconf 92' lang='lat' dir='ltr'>qui</span> <span class='ocrx_word' id='word_1_422' title='bbox 1132 3725 1184 3774; x_wconf 80' lang='lat' dir='ltr'>vult</span> <span class='ocrx_word' id='word_1_423' title='bbox 1193 3725 1245 3776; x_wconf 88' lang='lat' dir='ltr'>eni·</span> 
     </span>
     <span class='ocr_line' id='line_1_41' title="bbox 147 3804 1245 3880; baseline -0.011 -13"><span class='ocrx_word' id='word_1_424' title='bbox 147 3831 212 3866; x_wconf 84' lang='lat' dir='ltr'>mnrn</span> <span class='ocrx_word' id='word_1_425' title='bbox 231 3814 372 3866; x_wconf 87' lang='lat' dir='ltr'>sciscitentis</span> <span class='ocrx_word' id='word_1_426' title='bbox 387 3813 490 3880; x_wconf 82' lang='lat' dir='ltr'>explere,</span> <span class='ocrx_word' id='word_1_427' title='bbox 509 3812 587 3862; x_wconf 90' lang='lat' dir='ltr'>sensui</span> <span class='ocrx_word' id='word_1_428' title='bbox 602 3812 697 3862; x_wconf 90' lang='lat' dir='ltr'>cuidern</span> <span class='ocrx_word' id='word_1_429' title='bbox 713 3807 903 3870; x_wconf 65' lang='lat' dir='ltr'>sccosnnsodsns³</span> <span class='ocrx_word' id='word_1_430' title='bbox 913 3807 943 3856; x_wconf 88' lang='lat' dir='ltr'>ed</span> <span class='ocrx_word' id='word_1_431' title='bbox 960 3804 1123 3854; x_wconf 78' lang='lat' dir='ltr'>sufficientium</span> <span class='ocrx_word' id='word_1_432' title='bbox 1141 3805 1245 3870; x_wconf 81' lang='lat' dir='ltr'>explest.</span> 
     </span>
     <span class='ocr_line' id='line_1_42' title="bbox 147 3887 1244 3962; baseline -0.011 -13"><span class='ocrx_word' id='word_1_433' title='bbox 147 3898 298 3962; x_wconf 85' lang='lat' dir='ltr'>Quspropter</span> <span class='ocrx_word' id='word_1_434' title='bbox 308 3895 460 3962; x_wconf 82' lang='lat' dir='ltr'>cogitendusrs</span> <span class='ocrx_word' id='word_1_435' title='bbox 472 3901 517 3952; x_wconf 88' lang='lat' dir='ltr'>est,</span> <span class='ocrx_word' id='word_1_436' title='bbox 528 3901 555 3942; x_wconf 92' lang='lat' dir='ltr'>ut</span> <span class='ocrx_word' id='word_1_437' title='bbox 565 3893 598 3942; x_wconf 85' lang='lat' dir='ltr'>rei</span> <span class='ocrx_word' id='word_1_438' title='bbox 609 3892 736 3958; x_wconf 86' lang='lat' dir='ltr'>cujuslibet</span> <span class='ocrx_word' id='word_1_439' title='bbox 746 3891 859 3940; x_wconf 77' lang='lat' dir='ltr'>rationem</span> <span class='ocrx_word' id='word_1_440' title='bbox 867 3888 965 3938; x_wconf 84' lang='lat' dir='ltr'>reddere</span> <span class='ocrx_word' id='word_1_441' title='bbox 972 3895 997 3936; x_wconf 88' lang='lat' dir='ltr'>et</span> <span class='ocrx_word' id='word_1_442' title='bbox 1004 3887 1107 3952; x_wconf 85' lang='lat' dir='ltr'>recipere</span> <span class='ocrx_word' id='word_1_443' title='bbox 1116 3887 1244 3942; x_wconf 86' lang='lat' dir='ltr'>vsleesnus.</span> 
     </span>
     <span class='ocr_line' id='line_1_43' title="bbox 147 3967 1244 4042; baseline -0.011 -12"><span class='ocrx_word' id='word_1_444' title='bbox 147 3979 291 4042; x_wconf 81' lang='lat' dir='ltr'>Incrrrpores</span> <span class='ocrx_word' id='word_1_445' title='bbox 300 3991 411 4041; x_wconf 81' lang='lat' dir='ltr'>nemque,</span> <span class='ocrx_word' id='word_1_446' title='bbox 422 3991 476 4026; x_wconf 86' lang='lat' dir='ltr'>curn</span> <span class='ocrx_word' id='word_1_447' title='bbox 488 3974 588 4024; x_wconf 78' lang='lat' dir='ltr'>menime</span> <span class='ocrx_word' id='word_1_448' title='bbox 606 3981 631 4022; x_wconf 91' lang='lat' dir='ltr'>et</span> <span class='ocrx_word' id='word_1_449' title='bbox 648 3970 803 4038; x_wconf 82' lang='lat' dir='ltr'>pulcherrime</span> <span class='ocrx_word' id='word_1_450' title='bbox 816 3969 873 4034; x_wconf 90' lang='lat' dir='ltr'>sint,</span> <span class='ocrx_word' id='word_1_451' title='bbox 883 3969 974 4018; x_wconf 88' lang='lat' dir='ltr'>rstione</span> <span class='ocrx_word' id='word_1_452' title='bbox 984 3967 1044 4026; x_wconf 83' lang='lat' dir='ltr'>sels.</span> <span class='ocrx_word' id='word_1_453' title='bbox 1054 3967 1101 4016; x_wconf 81' lang='lat' dir='ltr'>elio</span> <span class='ocrx_word' id='word_1_454' title='bbox 1112 3983 1167 4018; x_wconf 88' lang='lat' dir='ltr'>sero</span> <span class='ocrx_word' id='word_1_455' title='bbox 1177 3968 1244 4018; x_wconf 86' lang='lat' dir='ltr'>nullo</span> 
     </span>
     <span class='ocr_line' id='line_1_44' title="bbox 148 4049 1245 4122; baseline -0.012 -15"><span class='ocrx_word' id='word_1_456' title='bbox 148 4057 273 4122; x_wconf 87' lang='lat' dir='ltr'>perspicue</span> <span class='ocrx_word' id='word_1_457' title='bbox 284 4057 439 4106; x_wconf 70' lang='lat' dir='ltr'>declarentur.</span> <span class='ocrx_word' id='word_1_458' title='bbox 472 4055 562 4106; x_wconf 82' lang='lat' dir='ltr'>ilerum</span> <span class='ocrx_word' id='word_1_459' title='bbox 574 4070 644 4120; x_wconf 85' lang='lat' dir='ltr'>porro</span> <span class='ocrx_word' id='word_1_460' title='bbox 655 4053 730 4118; x_wconf 77' lang='lat' dir='ltr'>gretie</span> <span class='ocrx_word' id='word_1_461' title='bbox 741 4053 812 4102; x_wconf 86' lang='lat' dir='ltr'>modo</span> <span class='ocrx_word' id='word_1_462' title='bbox 822 4050 889 4100; x_wconf 90' lang='lat' dir='ltr'>nobis</span> <span class='ocrx_word' id='word_1_463' title='bbox 900 4051 966 4100; x_wconf 87' lang='lat' dir='ltr'>dicte</span> <span class='ocrx_word' id='word_1_464' title='bbox 976 4058 1031 4100; x_wconf 88' lang='lat' dir='ltr'>sunt</span> <span class='ocrx_word' id='word_1_465' title='bbox 1042 4049 1129 4100; x_wconf 86' lang='lat' dir='ltr'>ornnie.</span> <span class='ocrx_word' id='word_1_466' title='bbox 1145 4049 1245 4114; x_wconf 73' lang='lat' dir='ltr'>cujusli-</span> 
     </span>
     <span class='ocr_line' id='line_1_45' title="bbox 147 4130 1245 4199; baseline -0.005 -12"><span class='ocrx_word' id='word_1_467' title='bbox 147 4141 190 4188; x_wconf 87' lang='lat' dir='ltr'>bet</span> <span class='ocrx_word' id='word_1_468' title='bbox 199 4144 277 4186; x_wconf 90' lang='lat' dir='ltr'>suteru</span> <span class='ocrx_word' id='word_1_469' title='bbox 289 4137 324 4186; x_wconf 86' lang='lat' dir='ltr'>rei</span> <span class='ocrx_word' id='word_1_470' title='bbox 334 4137 492 4188; x_wconf 85' lang='lat' dir='ltr'>consideretie</span> <span class='ocrx_word' id='word_1_471' title='bbox 507 4137 534 4186; x_wconf 89' lang='lat' dir='ltr'>in</span> <span class='ocrx_word' id='word_1_472' title='bbox 550 4135 680 4186; x_wconf 85' lang='lat' dir='ltr'>minoribus</span> <span class='ocrx_word' id='word_1_473' title='bbox 690 4134 872 4199; x_wconf 83' lang='lat' dir='ltr'>lecilinr‚quenr</span> <span class='ocrx_word' id='word_1_474' title='bbox 888 4133 912 4182; x_wconf 86' lang='lat' dir='ltr'>in</span> <span class='ocrx_word' id='word_1_475' title='bbox 931 4130 1066 4196; x_wconf 83' lang='lat' dir='ltr'>mejeribns,</span> <span class='ocrx_word' id='word_1_476' title='bbox 1082 4138 1169 4182; x_wconf 88' lang='lat' dir='ltr'>esstst.</span> <span class='ocrx_word' id='word_1_477' title='bbox 1198 4131 1245 4186; x_wconf 86' lang='grc'><strong>80.</strong></span> 
     </span>
     <span class='ocr_line' id='line_1_46' title="bbox 146 4212 1244 4282; baseline -0.007 -10"><span class='ocrx_word' id='word_1_478' title='bbox 146 4218 262 4272; x_wconf 74' lang='lat' dir='ltr'>Prerlern</span> <span class='ocrx_word' id='word_1_479' title='bbox 273 4216 383 4282; x_wconf 82' lang='lat' dir='ltr'>loqueris.</span> <span class='ocrx_word' id='word_1_480' title='bbox 417 4217 498 4268; x_wconf 80' lang='lat' dir='ltr'>lions·</span> <span class='ocrx_word' id='word_1_481' title='bbox 514 4217 621 4276; x_wconf 86' lang='lat' dir='ltr'>Quorum</span> <span class='ocrx_word' id='word_1_482' title='bbox 633 4216 736 4281; x_wconf 86' lang='lat' dir='ltr'>denique</span> <span class='ocrx_word' id='word_1_483' title='bbox 745 4231 816 4266; x_wconf 89' lang='lat' dir='ltr'>esuss</span> <span class='ocrx_word' id='word_1_484' title='bbox 827 4216 892 4264; x_wconf 87' lang='lat' dir='ltr'>diets</span> <span class='ocrx_word' id='word_1_485' title='bbox 902 4215 933 4264; x_wconf 93' lang='lat' dir='ltr'>de</span> <span class='ocrx_word' id='word_1_486' title='bbox 943 4213 981 4262; x_wconf 90' lang='lat' dir='ltr'>bis</span> <span class='ocrx_word' id='word_1_487' title='bbox 996 4212 1076 4264; x_wconf 81' lang='lat' dir='ltr'>omnin</span> <span class='ocrx_word' id='word_1_488' title='bbox 1092 4220 1157 4278; x_wconf 83' lang='lat' dir='ltr'>sunt,</span> <span class='ocrx_word' id='word_1_489' title='bbox 1167 4227 1244 4264; x_wconf 86' lang='lat' dir='ltr'>recor·</span> 
     </span>
     <span class='ocr_line' id='line_1_47' title="bbox 148 4293 1243 4362; baseline -0.007 -10"><span class='ocrx_word' id='word_1_490' title='bbox 148 4302 238 4352; x_wconf 83' lang='lat' dir='ltr'>demur.</span> <span class='ocrx_word' id='word_1_491' title='bbox 270 4299 315 4350; x_wconf 86' lang='grc'><strong>80.</strong></span> <span class='ocrx_word' id='word_1_492' title='bbox 332 4299 456 4357; x_wconf 80' lang='lat' dir='ltr'>Quorum?</span> <span class='ocrx_word' id='word_1_493' title='bbox 490 4297 572 4350; x_wconf 80' lang='lat' dir='ltr'>lines.</span> <span class='ocrx_word' id='word_1_494' title='bbox 590 4297 649 4362; x_wconf 84' lang='lat' dir='ltr'>Ejus</span> <span class='ocrx_word' id='word_1_495' title='bbox 663 4297 782 4362; x_wconf 80' lang='lat' dir='ltr'>precipue</span> <span class='ocrx_word' id='word_1_496' title='bbox 793 4295 906 4346; x_wconf 77' lang='lat' dir='ltr'>molestie</span> <span class='ocrx_word' id='word_1_497' title='bbox 916 4309 996 4354; x_wconf 84' lang='lat' dir='ltr'>esuss,</span> <span class='ocrx_word' id='word_1_498' title='bbox 1007 4309 1055 4358; x_wconf 90' lang='lat' dir='ltr'>que</span> <span class='ocrx_word' id='word_1_499' title='bbox 1064 4293 1126 4344; x_wconf 85' lang='lat' dir='ltr'>circe</span> <span class='ocrx_word' id='word_1_500' title='bbox 1138 4293 1243 4344; x_wconf 86' lang='lat' dir='ltr'>testerirs</span> 
     </span>
     <span class='ocr_line' id='line_1_48' title="bbox 147 4373 1242 4446; baseline -0.005 -12"><span class='ocrx_word' id='word_1_501' title='bbox 147 4380 265 4434; x_wconf 61' lang='lat' dir='ltr'>multatis</span> <span class='ocrx_word' id='word_1_502' title='bbox 276 4379 389 4446; x_wconf 83' lang='lat' dir='ltr'>prolisern</span> <span class='ocrx_word' id='word_1_503' title='bbox 400 4381 529 4432; x_wconf 78' lang='lat' dir='ltr'>ontionem</span> <span class='ocrx_word' id='word_1_504' title='bbox 540 4379 618 4430; x_wconf 82' lang='lat' dir='ltr'>effecti</span> <span class='ocrx_word' id='word_1_505' title='bbox 630 4395 718 4438; x_wconf 84' lang='lat' dir='ltr'>sumus,</span> <span class='ocrx_word' id='word_1_506' title='bbox 729 4396 775 4430; x_wconf 89' lang='lat' dir='ltr'>nec</span> <span class='ocrx_word' id='word_1_507' title='bbox 786 4394 834 4428; x_wconf 89' lang='lat' dir='ltr'>non</span> <span class='ocrx_word' id='word_1_508' title='bbox 852 4377 913 4428; x_wconf 85' lang='lat' dir='ltr'>circe</span> <span class='ocrx_word' id='word_1_509' title='bbox 930 4374 1001 4426; x_wconf 89' lang='lat' dir='ltr'>totins</span> <span class='ocrx_word' id='word_1_510' title='bbox 1017 4373 1099 4424; x_wconf 81' lang='lat' dir='ltr'>mundi</span> <span class='ocrx_word' id='word_1_511' title='bbox 1116 4376 1242 4428; x_wconf 83' lang='lat' dir='ltr'>resolutio·</span> 
     </span>
     <span class='ocr_line' id='line_1_49' title="bbox 145 4456 1241 4528; baseline -0.004 -16"><span class='ocrx_word' id='word_1_512' title='bbox 145 4479 198 4512; x_wconf 86' lang='lat' dir='ltr'>nem</span> <span class='ocrx_word' id='word_1_513' title='bbox 210 4481 216 4512; x_wconf 76' lang='lat' dir='ltr'>s</span> <span class='ocrx_word' id='word_1_514' title='bbox 232 4470 305 4528; x_wconf 87' lang='lat' dir='ltr'>etque</span> <span class='ocrx_word' id='word_1_515' title='bbox 320 4461 438 4526; x_wconf 75' lang='lat' dir='ltr'>Sophiste</span> <span class='ocrx_word' id='word_1_516' title='bbox 456 4477 585 4512; x_wconf 83' lang='lat' dir='ltr'>sermonem</span> <span class='ocrx_word' id='word_1_517' title='bbox 596 4461 627 4512; x_wconf 92' lang='lat' dir='ltr'>dc</span> <span class='ocrx_word' id='word_1_518' title='bbox 638 4477 686 4510; x_wconf 90' lang='lat' dir='ltr'>non</span> <span class='ocrx_word' id='word_1_519' title='bbox 697 4461 759 4510; x_wconf 84' lang='lat' dir='ltr'>entis</span> <span class='ocrx_word' id='word_1_520' title='bbox 769 4459 870 4510; x_wconf 71' lang='lat' dir='ltr'>essenus</span> <span class='ocrx_word' id='word_1_521' title='bbox 881 4457 1015 4524; x_wconf 77' lang='lat' dir='ltr'>putavimus</span> <span class='ocrx_word' id='word_1_522' title='bbox 1025 4471 1081 4506; x_wconf 82' lang='lat' dir='ltr'>senc</span> <span class='ocrx_word' id='word_1_523' title='bbox 1093 4456 1241 4521; x_wconf 78' lang='lat' dir='ltr'>prolixiorem</span> 
     </span>
    </p>
   </div>
   <div class='ocr_carea' id='block_1_3' title="bbox 144 4537 1241 4612">
    <p class='ocr_par' dir='ltr' id='par_1_3' title="bbox 144 4537 1241 4612">
     <span class='ocr_line' id='line_1_50' title="bbox 144 4537 1241 4612; baseline -0.002 -18"><span class='ocrx_word' id='word_1_524' title='bbox 144 4544 224 4606; x_wconf 84' lang='lat' dir='ltr'>inisse,</span> <span class='ocrx_word' id='word_1_525' title='bbox 234 4561 305 4612; x_wconf 81' lang='lat' dir='ltr'>quem</span> <span class='ocrx_word' id='word_1_526' title='bbox 316 4544 411 4598; x_wconf 82' lang='lat' dir='ltr'>deceret</span> <span class='ocrx_word' id='word_1_527' title='bbox 422 4543 615 4612; x_wconf 85' lang='lat' dir='ltr'>dispuutioneus·</span> <span class='ocrx_word' id='word_1_528' title='bbox 648 4542 730 4609; x_wconf 75' lang='lat' dir='ltr'>nsque</span> <span class='ocrx_word' id='word_1_529' title='bbox 746 4543 772 4596; x_wconf 89' lang='lat' dir='ltr'>in</span> <span class='ocrx_word' id='word_1_530' title='bbox 789 4542 826 4594; x_wconf 85' lang='lat' dir='ltr'>bis</span> <span class='ocrx_word' id='word_1_531' title='bbox 843 4539 951 4596; x_wconf 82' lang='lat' dir='ltr'>omnibus</span> <span class='ocrx_word' id='word_1_532' title='bbox 961 4537 1117 4606; x_wconf 82' lang='lat' dir='ltr'>nosmetipsos</span> <span class='ocrx_word' id='word_1_533' title='bbox 1128 4539 1241 4600; x_wconf 83' lang='lat' dir='ltr'>deterrui·</span> 
     </span>
    </p>
   </div>
   <div class='ocr_carea' id='block_1_4' title="bbox 0 0 1580 5316">
    <p class='ocr_par' dir='ltr' id='par_1_4' title="bbox 0 0 1580 5316">
     <span class='ocr_line' id='line_1_51' title="bbox 0 0 1580 5316; baseline 0 1"><span class='ocrx_word' id='word_1_534' title='bbox 0 0 1580 5316; x_wconf 95' lang='lat' dir='ltr'> </span> 
     </span>
    </p>
   </div>
  </div>
 </body>
</html>
