3220 5302
307 491 349 554 ne
751 483 952 548 iussurus
1339 491 1412 572 [sur

310 643 394 703 ubet,
404 658 419 694 o
431 639 492 692 riri?
509 639 558 692 scio
569 638 689 705 equidem,
699 639 759 690 smil
767 641 850 692 efferre
860 655 902 690 eos
912 638 976 688 uliud
988 651 1065 704 posse.
1098 636 1299 692 Fuos.·idemet
1314 641 1411 707 lpsssr·

309 724 391 774 bitror.
424 723 468 774 So.
485 723 614 787 Postqusm
633 735 688 770 reso
706 721 741 770 its
757 736 783 770 se
797 721 824 770 id
842 716 923 778 bs'bet,
941 719 995 770 illos
1013 721 1078 770 bone
1096 719 1123 768 ln
1141 721 1237 770 modun
1255 721 1413 787 mummio.

309 803 438 870 Appsreut
447 802 522 852 oculis
532 802 613 852 vestris
629 803 719 852 eodem
731 801 805 851 meles
815 802 923 852 cominus
941 800 1050 865 msjores,
1066 801 1168 852 minores
1183 802 1293 852 enisusl
1326 801 1365 852 Its
1376 817 1411 852 ru·

310 884 471 948 spondebant.
503 882 535 932 Et
543 895 629 945 cresus,
639 888 665 930 et
676 881 750 930 mults
759 879 884 930 similiter?
900 887 926 929 st
933 879 1037 946 equuleo
1049 896 1119 932 uoces
1129 895 1204 946 prope
1214 881 1324 946 msjoses,
1341 882 1412 948 louge

311 977 367 1012 sero
377 961 492 1012 minores?
524 961 690 1012 Consentimt.
722 960 749 1008 Si
758 959 783 1008 is
793 961 840 1026 boc
849 961 910 1010 bene
920 975 999 1024 spere,
1017 969 1042 1008 et
1060 959 1162 1010 ielicitss
1172 969 1252 1012 nostru
1264 961 1412 1020 ιοιιιιιιιιιι,

311 1043 358 1094 boc
369 1051 414 1106 est,
426 1043 450 1090 iu
461 1042 552 1108 mugnis
560 1041 661 1090 molibus
674 1039 827 1100 iubricsndis,
836 1039 1040 1104 sucipiendisque,
1051 1041 1177 1106 porcisque
1185 1040 1412 1106 nucusque·

311 1123 382 1172 nobis
390 1121 575 1188 potissimsritss
591 1122 654 1170 sulus
668 1121 744 1170 esset?
777 1119 843 1168 Num
858 1135 895 1169 ιιι
911 1120 1070 1170 dimetiendi?
1086 1136 1117 1170 sn
1131 1122 1267 1186 sppsrentis
1283 1121 1411 1186 potentini

312 1203 388 1253 immo
399 1203 508 1268 potentis
522 1204 573 1252 brec
584 1217 629 1250 nos
637 1200 767 1264 deciperet,
783 1207 810 1248 et
826 1215 902 1250 emose
918 1200 1067 1250 confundens
1083 1217 1148 1266 sepe
1163 1216 1207 1252 nos
1223 1203 1413 1267 cogeresesdeur

312 1283 371 1332 sliss
381 1283 448 1332 sliter
454 1283 572 1347 judicum,
588 1289 660 1346 utque
676 1281 815 1338 sdsoisoere,
831 1281 857 1328 in
874 1280 1054 1346 actionibusque
1069 1288 1095 1330 et
1109 1281 1265 1332 electionibus
1276 1297 1413 1346 megnorurn

313 1380 342 1414 sc
361 1379 483 1428 perscmm
496 1364 584 1429 ssepius
600 1363 723 1429 penitere.
756 1361 903 1410 Dimetieudi
915 1377 970 1410 sero
985 1362 1086 1412 iscultss
1102 1378 1220 1428 sppsreus
1235 1363 1281 1412 boo
1291 1363 1414 1428 sbrogsret

312 1445 486 1509 relelleretque,
498 1445 667 1510 veritatemque
677 1443 786 1508 operiens
795 1443 874 1491 snimo
884 1442 989 1507 quietem
1000 1443 1067 1492 duret
1078 1441 1206 1493 inseritste
1217 1442 1331 1506 mend,
1340 1451 1413 1508 elque

313 1528 347 1576 its
358 1528 430 1577 vitem
446 1533 556 1578 sensret.
589 1523 788 1576 consentiremus
806 1522 913 1570 bomines
932 1521 963 1570 sd
978 1522 1039 1579 bec,
1058 1521 1219 1572 dimetientem
1233 1529 1306 1570 srterrs
1323 1537 1414 1570 ιιιιιιι

314 1623 359 1658 nos
369 1623 400 1656 sn
412 1606 500 1655 slismi
534 1605 617 1654 Pnoc.
634 1603 704 1653 Hunc
714 1603 797 1668 ipsum·
830 1601 958 1658 So.·Quid
978 1601 1066 1664 porroi
1083 1600 1142 1651 siin
1153 1603 1205 1667 ipss
1216 1601 1279 1665 peris
1289 1602 1413 1666 impsr'use

313 1687 431 1738 electione
444 1686 508 1736 sulus
518 1684 573 1732 rite
590 1683 737 1740 consisteret,
754 1681 851 1746 qusudo
868 1681 933 1744 quod
953 1681 1009 1746 plus
1028 1689 1074 1738 est,
1092 1689 1154 1732 recte
1171 1683 1227 1747 eligi
1246 1689 1374 1747 oporteret,
1388 1689 1414 1732 et

314 1767 411 1834 qusndo
421 1767 486 1832 quod
498 1765 583 1822 miuus,
595 1763 729 1828 sel'ipsum
745 1763 777 1812 sd
792 1761 904 1826 seipsum,
923 1761 962 1810 rel
973 1761 1038 1810 sliud
1055 1763 1116 1810 iorte
1132 1763 1163 1812 sd
1180 1762 1256 1827 eliud,
1273 1762 1348 1827 [idi]
1363 1762 1414 1812 sisu

313 1863 399 1914 prope,
408 1863 450 1896 seu
458 1844 544 1910 procul
556 1845 595 1902 sit,
606 1843 664 1909 quid
676 1841 822 1907 potissimum
834 1849 935 1892 nostram
947 1841 1019 1892 ritum
1031 1844 1150 1892 serssret?
1168 1859 1248 1892 noune
1257 1843 1371 1892 scientis?
1388 1849 1415 1892 et

315 1943 365 1976 non
372 1927 487 1976 metiendi
498 1925 604 1990 quidem,
615 1939 688 1990 quum
698 1939 807 1974 excessus
817 1931 889 1986 utque
900 1923 1009 1972 deiectus
1020 1939 1057 1972 ιιι
1068 1923 1115 1974 ists
1124 1924 1165 1974 sit.
1181 1941 1236 1974 curu
1247 1939 1300 1974 sero
1310 1921 1416 1988 puris,et

314 2007 409 2073 impunis
420 2006 530 2056 bubends
546 2005 605 2054 rstio
616 2004 657 2066 sit,
673 2020 722 2054 non
738 2004 793 2062 slis,
812 2019 883 2068 quum
900 2004 1039 2054 numersudi
1055 2005 1163 2054 scientis.
1195 2004 1360 2055 concederent
1368 2005 1415 2052 iso·

314 2089 391 2138 mines
408 2089 467 2144 beo,
484 2103 515 2136 sn
530 2087 598 2136 non?
630 2085 714 2136 Peos.
731 2083 828 2149 Absque
847 2086 1008 2134 controversis
1023 2085 1192 2136 consentirent.
1224 2085 1267 2136 So.
1283 2083 1415 2149 Poslqusm

314 2184 370 2218 sero
381 2169 444 2218 sulus
455 2169 509 2216 sitm
520 2167 631 2232 sppsruis
645 2168 672 2216 in
687 2174 751 2216 rocts
761 2165 891 2230 uoluptatis
908 2174 934 2214 et
947 2165 1036 2216 doloris
1052 2166 1170 2216 electione
1180 2167 1319 2222 consistere,
1334 2166 1415 2230 quood

315 2248 419 2314 plurset
436 2247 558 2313 psuciors,
576 2246 665 2311 msjors
677 2254 703 2296 et
718 2247 819 2309 minore,
838 2246 1006 2312 propinquiore
1022 2254 1047 2296 et
1066 2247 1190 2296 remotiore
1208 2247 1319 2312 pertinet,
1334 2260 1415 2296 nonu

315 2329 458 2378 dimetiendi
469 2327 545 2392 primo
556 2327 655 2378 iscultss
666 2341 773 2378 excessus
783 2333 855 2392 sique
866 2327 985 2387 delectus,
1001 2328 1191 2394 equslitstisqne
1207 2335 1295 2378 mutnus
1305 2327 1415 2388 couside2

315 2409 404 2458 miris?
437 2409 519 2460 Psor.
536 2407 641 2458 Necesse
659 2415 703 2458 ιιι.
735 2408 779 2458 So.
796 2407 916 2465 Quoniam
936 2425 991 2458 sero
1008 2409 1122 2458 metiendi
1139 2409 1239 2460 incultus
1255 2417 1301 2468 est,
1319 2423 1416 2458 ueomse

315 2496 361 2546 est,
381 2495 409 2537 ut
423 2505 460 2538 ιιι
478 2497 504 2538 ιι
520 2488 618 2540 sciesstls
636 2488 675 2544 sit.
707 2488 789 2538 Psor.
807 2488 950 2539 Admittent.
983 2489 1027 2538 So.
1045 2491 1106 2548 Quss
1124 2506 1179 2539 sero
1197 2489 1346 2556 potissimum
1364 2489 1416 2540 buo

318 2569 420 2622 scientis
430 2569 470 2628 sit,
480 2569 539 2620 sliss
549 2569 756 2622 considersbimus.
773 2569 894 2618 iudiciiin
905 2571 1041 2635 presentis,
1053 2570 1176 2622 scientium
1188 2587 1249 2632 esse,
1258 2577 1373 2636 qusntum
1384 2569 1417 2620 sd

315 2666 371 2700 eum
382 2659 475 2716 spectet
484 2651 670 2716 responsionem,
682 2668 752 2716 qusrn
763 2665 808 2716 ego
818 2658 845 2700 et
855 2651 995 2716 Protegorss
1005 2659 1088 2702 ιιιιιιι
1098 2667 1190 2702 eremus
1197 2651 1321 2718 questioni
1328 2649 1417 2702 dsirrsi.

318 2731 389 2796 nec,
400 2733 420 2782 si
431 2733 595 2792 recordemini,
604 2741 653 2784 esst
663 2733 772 2798 questio.
805 2731 859 2781 Nos
869 2733 967 2797 quidem
978 2735 1148 2792 consensimus,
1158 2733 1217 2794 nibil
1225 2732 1417 2797 scientispotem

315 2813 364 2862 tius
384 2827 452 2862 esse:
471 2813 542 2862 immo
562 2829 661 2878 semper,
681 2814 816 2878 ubicunque
836 2813 912 2872 sdest,
931 2813 1049 2878 voluptsti
1065 2815 1205 2879 cunctisque
1221 2813 1275 2864 eliis
1291 2813 1417 2868 dominsri.

317 2900 376 2942 tunc
387 2908 429 2942 sos
440 2891 568 2957 objecistis,
579 2892 725 2959 soluplslem
738 2910 900 2958 sepenumero
915 2893 1000 2944 scienti
1016 2895 1106 2944 bomini
1116 2895 1240 2948 dominsri.
1272 2895 1346 2954 Quod
1361 2909 1418 2946 uuus

319 2973 387 3021 subis
397 2987 546 3038 nequsqusm
557 2975 673 3034 dsreruus,
684 2974 761 3024 stetim
772 2991 815 3025 sos
824 2975 858 3026 its
868 2975 983 3040 mgsnu:
1000 2975 1023 3025 0
1041 2976 1170 3042 Prossgoru
1182 2983 1253 3042 utque
1264 2976 1381 3040 Somnia,
1396 2975 1418 3042 si

317 3053 366 3108 lsoc
376 3069 424 3102 non
435 3061 472 3102 est
482 3069 497 3102 s
507 3055 666 3119 ruluptstibus
676 3057 789 3120 superori,
806 3057 847 3106 red
859 3056 925 3106 uliud
941 3057 1066 3121 quiddsm,
1083 3057 1201 3106 declsrste
1212 3071 1254 3106 sos
1268 3056 1326 3122 quid
1342 3055 1417 3108 istud.

318 3133 347 3182 Si
357 3133 421 3183 illico
432 3135 499 3186 robis
507 3135 716 3200 respondissemus,
726 3136 843 3185 inscitisrn
853 3151 913 3199 esse,
929 3151 972 3184 nos
983 3138 1091 3200 protinus
1101 3136 1215 3186 risissetis.
1233 3152 1297 3186 nunc
1306 3145 1386 3186 sutem
1397 3135 1419 3186 si

318 3229 364 3266 uos
374 3213 497 3279 deridetis,
508 3231 550 3264 sus
560 3231 655 3279 quoque
665 3216 730 3280 ipsos
741 3214 875 3264 irridebitis.
908 3213 962 3279 Ipsi
973 3215 1037 3264 enim
1047 3209 1089 3263 ¹rus
1099 3217 1234 3280 psulusnte
1241 3214 1342 3266 odoleni
1350 3217 1419 3278 estis,

317 3295 414 3346 deiectu
426 3295 530 3346 scientius
541 3296 646 3344 sberrsrs
656 3296 720 3354 illos,
730 3297 772 3360 qui
782 3296 807 3344 iu
824 3296 973 3361 voluptstunr
984 3304 1008 3346 et
1019 3297 1127 3346 dolomm
1136 3298 1255 3350 electione
1264 3299 1418 3364 ddinqnunl.

315 3391 348 3426 ss
357 3391 413 3426 sero
424 3377 487 3426 bons
497 3383 560 3433 sunt,
571 3383 597 3424 ιι
607 3375 676 3426 ιιιιΙι.
709 3375 797 3440 Neque
807 3376 903 3425 deiectu
916 3377 1021 3426 scientiis
1034 3385 1125 3428 tuntum
1140 3380 1241 3438 disistis,
1259 3380 1301 3430 sed
1316 3379 1418 3430 ulterius

314 3456 450 3512 sddidistis,
460 3455 554 3506 deiectu
566 3456 657 3506 scilicet
672 3456 778 3506 scientius
793 3457 914 3506 metiendi.
949 3456 1022 3508 Actio
1036 3465 1116 3510 sutem
1134 3461 1251 3520 sberrsus,
1269 3461 1358 3527 sbsqoe
1369 3461 1418 3512 sci·

315 3535 390 3593 entis,
400 3541 428 3584 ut
437 3542 464 3584 et
473 3550 515 3583 ros
525 3550 573 3584 non
584 3535 650 3596 lutet,
661 3538 691 3586 sb
702 3535 795 3586 inscitie
806 3539 922 3602 provenit.
939 3547 1084 3604 quspropter
1093 3542 1158 3606 quod
1168 3541 1219 3590 dici
1229 3541 1298 3602 solet,
1305 3557 1321 3591 s
1329 3541 1417 3608 volup·

315 3614 405 3664 tutibus
413 3615 526 3678 superesi,
535 3621 638 3664 estresus
646 3615 739 3666 iustitis
750 3624 788 3667 ιιι
797 3636 803 3666 ι
820 3633 892 3683 qusrn
903 3618 978 3668 relutl
988 3621 1094 3669 morbum
1106 3621 1246 3686 Protsgcrss
1256 3621 1305 3680 bic,
1320 3629 1347 3672 et
1356 3619 1418 3672 Pro-

315 3693 674 3757 dicus,etliippisscursturos
690 3711 716 3746 se
732 3698 800 3762 qussi
810 3699 916 3748 medicos
926 3699 1075 3764 profitentur.
1108 3701 1159 3758 Vos
1170 3709 1259 3768 sutem,
1275 3703 1333 3766 quis
1350 3702 1418 3752 uliud

314 3774 430 3839 quiddsm
440 3789 490 3823 esse
501 3774 547 3824 boc
554 3789 625 3838 qusm
633 3773 750 3826 inscitism
761 3779 903 3843 opinemini,
918 3795 997 3844 neque
1006 3797 1049 3830 ros
1062 3781 1136 3846 ipsos,
1152 3797 1231 3846 neque
1244 3781 1307 3832 tilios
1317 3791 1418 3842 ιιιιιιιι,

315 3853 381 3904 bisce
392 3854 504 3918 sopbistls
520 3869 595 3904 rerum
609 3856 690 3904 bsmm
709 3858 846 3908 doctoribus
863 3861 979 3910 cursudos
994 3861 1096 3919 truditis,
1112 3861 1181 3928 qussi
1190 3863 1265 3912 sistus
1275 3863 1357 3914 doceri
1366 3878 1418 3912 nou

314 3933 398 4000 possit.
413 3933 466 4000 sed,
481 3949 538 3984 cum
549 3935 655 4000 pmuniis
672 3937 817 4002 indulgentis
831 3937 930 3988 nimium
943 3955 1020 4005 neque
1037 3943 1168 3992 mercedem
1184 3941 1221 3991 bis
1231 3943 1419 4008 preceptoribus

312 4013 427 4073 od'emtis,
438 4013 545 4079 prisstirn
557 4015 698 4090 publiceque
709 4016 856 4081 delinquitis.
889 4018 949 4071 Hee
959 4021 1031 4085 plsne
1039 4021 1111 4086 vulgo
1119 4023 1328 4088 respondissemus.
1339 4022 1416 4088 [8⁵0]

313 4093 388 4144 Nunc
398 4103 477 4144 sutem
489 4111 530 4144 ros
540 4096 621 4155 etism,
629 4112 646 4146 o
657 4097 759 4146 Prodico
770 4105 841 4163 sique
853 4098 953 4164 Hippin,
963 4117 1010 4151 uns
1021 4117 1076 4153 cum
1087 4102 1217 4167 Pmtsgors
1227 4104 1273 4151 boc
1280 4111 1418 4168 ριιιοιιιιι,

314 4175 460 4238 (eommunis
477 4175 540 4224 euim
550 4175 618 4226 robis
633 4176 673 4225 bic
693 4177 791 4244 serrum)
808 4181 917 4246 nunquid
937 4198 991 4232 cers
1009 4183 1077 4232 subis
1095 4183 1162 4248 ioqui
1176 4184 1267 4240 videsr,
1288 4199 1318 4232 su
1337 4182 1419 4234 islssi

313 4253 378 4303 Vere
393 4255 521 4304 sdrnudum
539 4257 604 4304 dicte
621 4272 672 4307 esse
689 4259 818 4324 superiore,
830 4261 906 4310 risum
925 4271 961 4312 ιιι
979 4263 1097 4314 omnibus.
1129 4264 1269 4314 Conoeditis
1279 4263 1359 4328 igitur,
1377 4263 1418 4312 iu·

313 4348 396 4397 quern,
407 4337 471 4397 quod
480 4335 613 4399 jucundum
630 4347 676 4404 est,
693 4355 744 4389 esse
756 4342 853 4406 bonum,
871 4345 936 4409 qnod
948 4345 1022 4404 triste,
1032 4345 1128 4395 rusluns.
1163 4343 1348 4394 Distiuctioneur
1359 4359 1419 4394 sero

313 4411 380 4460 illum
391 4414 521 4475 nominum,
532 4433 602 4481 quum
614 4419 729 4470 Prodicus
739 4421 779 4472 bic
789 4423 901 4474 iuducere
920 4425 989 4489 solet,
1009 4426 1101 4490 rejicio,
1121 4425 1223 4490 ejusque
1242 4425 1335 4489 requiro
1347 4423 1418 4488 judi·

311 4490 385 4545 oium.
418 4493 466 4543 sise
478 4496 540 4546 enirn
552 4497 718 4563 voluptsrium,
733 4503 782 4552 sive
802 4503 952 4572 delectsbile,
972 4521 1014 4556 seu
1033 4507 1122 4564 letum,
1141 4522 1183 4556 seu
1199 4503 1418 4571 quomodocunque
