3174 5322
348 441 368 496 ι
783 432 983 498 errronrs
1368 434 1441 514 [oss

347 590 496 655 pertinentis,
507 591 621 640 noverint.
642 591 698 654 'quo
710 588 820 651 efficitur,
829 597 857 638 ut
866 589 965 644 dublum
975 587 1016 651 sit,
1034 601 1066 636 ee
1076 585 1192 636 uuus·
1201 585 1332 652 cepldltete
1343 587 1439 642 inerui-

347 671 404 722 citie
431 677 587 736 perseverent.
616 671 688 735 [2³3]
714 685 763 723 uon
782 671 914 720 ementibus
934 675 1024 726 sutem,
1049 667 1101 732 qui,
1118 683 1173 718 eure
1190 668 1255 732 prius
1274 668 1347 720 euro
1370 669 1443 723 eniel

346 759 435 814 essem,
453 767 503 800 non
524 753 626 816 egebent
645 751 811 800 oblectamenti
832 750 907 814 gretie
930 748 1018 806 omnis,
1043 755 1227 798 memmenni
1253 755 1290 799 eet
1313 763 1363 800 non
1381 750 1442 800 edcu
1513 763 1514 770 ¹

348 833 468 884 erdentens
495 832 592 880 confieri
613 830 811 893 beneroientiern,
842 829 884 880 sed
914 829 1016 894 ipeururu
1033 827 1110 879 officis
1136 836 1289 877 monuments
1312 828 1444 884 futurorum

348 913 434 978 eccipi.
466 912 533 970 Quin
553 913 623 962 etiern
641 912 723 960 melior
732 910 857 968 eveum
868 910 927 959 mibi
942 909 1077 966 credidctie.
1095 925 1166 973 quern
1177 909 1305 960 nemun
1316 909 1444 974 prebuerit

319 1043 324 1062 ‚
347 1009 422 1044 eures.
466 1009 521 1045 uem
544 999 649 1041 emenus
674 999 759 1056 preter
782 991 878 1040 nruduro
904 991 969 1042 dicte
985 997 1011 1039 et
1027 991 1092 1042 lecte
1115 996 1157 1038 tue
1186 987 1297 1040 leudibus
1323 989 1443 1058 efferente

348 1073 433 1137 purtim
466 1074 526 1137 quie
557 1079 673 1130 serentur,
693 1087 725 1126 ne
755 1083 780 1120 to
806 1071 939 1127 offendent,
974 1069 1059 1134 pertire
1093 1069 1151 1134 quie
1178 1077 1273 1135 propter
1303 1069 1443 1134 cupiditetis

348 1153 453 1204 erdorern
470 1155 494 1200 in
509 1153 644 1218 judicendo
661 1152 781 1204 sellontur.
806 1153 864 1202 telie
878 1152 941 1200 urim
958 1152 1067 1216 quedem
1088 1165 1153 1200 euror
1178 1167 1208 1200 ee
1224 1165 1250 1200 ee
1266 1151 1342 1214 perito
1369 1151 1445 1202 iniur-

349 1239 444 1282 mustos
462 1235 567 1298 quidem,
586 1249 616 1283 ee
632 1233 713 1294 etiem,
732 1248 786 1297 qurs
805 1233 857 1281 eliis
881 1231 1012 1284 notorum
1029 1229 1119 1280 trullus
1134 1231 1249 1294 prebent,
1267 1229 1342 1280 uisus
1359 1239 1443 1294 putere

349 1315 486 1379 compellit;
502 1316 738 1370 fortuustos‘entenr,
755 1321 780 1362 et
794 1313 844 1361 eoti
865 1314 902 1362 rui
912 1319 1044 1376 compotes,
1054 1325 1109 1374 que
1127 1309 1210 1362 letitie
1225 1311 1299 1374 digne
1312 1325 1360 1364 non
1378 1317 1444 1368 eunt,

349 1395 533 1459 eogittanusrn
548 1394 656 1456 jucunde
673 1394 777 1444 laudere.
811 1393 962 1458 Quapropter
979 1391 1082 1440 misereri
1099 1407 1141 1442 ene
1156 1391 1230 1455 ruegis
1247 1399 1350 1455 oportet,
1370 1407 1444 1455 quens
1478 1443 1480 1450 ,

348 1475 453 1540 diligere.
487 1475 560 1532 Quod
581 1475 601 1522 si
618 1474 680 1538 mibi
692 1473 828 1530 credideris,
839 1475 914 1538 primo
924 1473 1084 1538 quidontoos
1094 1472 1125 1520 ed
1141 1481 1280 1536 presentent
1289 1473 1446 1536 roluptetour,

350 1557 394 1604 sed
414 1557 447 1604 erl
463 1555 565 1603 intumos
587 1555 722 1610 utilitetenr,
740 1554 883 1604 sensilisriter
903 1561 964 1616 uter,
989 1569 1038 1602 non
1056 1553 1130 1604 emori
1147 1553 1303 1616 mencipetue.
1320 1554 1362 1604 ecd
1383 1550 1444 1604 ruibi

347 1639 400 1698 ipse
410 1636 543 1699 inspersnss
565 1650 644 1699 neque
660 1637 692 1684 ob
709 1635 817 1684 uinimes
835 1651 917 1686 censes
934 1635 1062 1700 eliquendo
1079 1649 1161 1699 grues
1170 1633 1305 1687 inimicitis·
1315 1635 1443 1694 euecitebo,

348 1703 484 1766 lmuo'vuo
495 1719 528 1766 ob
535 1719 647 1766 enesimss
657 1718 800 1766 ristendeur
811 1723 951 1781 comnotus,
963 1717 1119 1766 involuntarie
1128 1723 1204 1766 errete
1219 1715 1348 1780 ignoscens,
1358 1719 1442 1768 solunt

347 1799 408 1846 teris
424 1799 549 1848 emendsrs
568 1807 592 1847 et
610 1798 714 1846 desitero
731 1798 844 1848 oonebcr.
861 1799 912 1846 bsso
927 1805 983 1846 sunt
992 1797 1036 1846 diu
1046 1799 1164 1848 duretur·
1175 1797 1286 1846 unicius
1296 1805 1443 1860 ergumente.

349 1879 375 1926 Si
384 1885 464 1930 sotem
476 1879 517 1928 tibi
532 1880 556 1928 iu
573 1887 675 1928 urentem
687 1880 786 1936 venerit,
795 1893 844 1927 non
853 1893 922 1942 posse
933 1879 1031 1940 bernero,
1039 1878 1085 1926 nisi
1095 1878 1126 1926 eb
1134 1893 1223 1933 eruore,
1232 1877 1357 1926 emicitienr
1367 1877 1445 1940 uesci,

349 1960 623 2022 enimsdrerteredebee‚
634 1961 698 2024 quod
716 1961 760 2008 bec
778 1959 869 2008 reticno
886 1975 965 2024 neque
983 1959 1045 2008 filios
1061 1957 1128 2006 multi
1146 1959 1284 2013 immutor,
1302 1973 1379 2020 neque
1398 1973 1443 2021 pe·

348 2048 434 2102 rentes,
451 2055 528 2106 neque
546 2041 607 2090 fidos
625 2057 666 2090 eos
685 2041 822 2089 haberemur
840 2040 938 2095 emices,
953 2040 996 2103 qui
1012 2055 1061 2088 nou
1077 2056 1106 2104 es
1121 2039 1207 2088 cruoris
1218 2039 1442 2102 lrujuserdore,esti

348 2120 402 2176 eliis
412 2121 556 2185 quibuslibet
571 2122 664 2179 studiis,
674 2121 733 2169 iecri
743 2129 822 2169 cuent
839 2119 917 2180 epici.
951 2119 993 2168 rid
1014 2121 1074 2178 bec,
1089 2121 1110 2168 ei
1127 2120 1209 2182 egenis
1218 2119 1396 2183 obsequendum
1405 2127 1444 2170 eet

348 2202 457 2256 rrse'nirue,
467 2201 578 2250 convenit
588 2203 694 2256 omnino,
704 2217 753 2248 non
764 2201 870 2248 meliores
880 2200 995 2256 homines,
1005 2202 1047 2249 red
1056 2201 1214 2265 psuperrimue
1221 2199 1304 2263 juvere
1313 2217 1320 2252 t
1337 2201 1444 2250 reninis

347 2281 413 2328 enisu
423 2280 516 2328 libcreti
526 2280 602 2336 ruslis,
614 2280 698 2343 pretias
708 2279 816 2344 ingentes
824 2281 963 2342 bebuerunt.
975 2280 999 2332 in
1010 2281 1109 2344 propriis
1118 2295 1214 2346 quoque
1222 2287 1248 2330 el
1258 2281 1353 2344 privetis
1361 2295 1442 2344 eurup-

350 2359 414 2406 tibos
430 2373 480 2406 non
490 2360 637 2408 conrocnndi
647 2360 718 2409 eroici
728 2367 805 2417 erunt,
815 2361 855 2409 red
866 2361 996 2409 esurienter
1011 2368 1037 2410 et
1054 2363 1183 2425 supplices.
1195 2361 1219 2410 bi
1229 2363 1292 2410 enirn
1303 2361 1443 2414 benebcium

351 2439 446 2489 nissimi
462 2440 559 2498 incieut,
569 2447 593 2488 te
604 2441 766 2498 nectebantur,
782 2441 812 2488 ed
824 2441 885 2489 iores
895 2441 1057 2504 opperientur,
1072 2441 1227 2506 spplsudeot,
1239 2441 1324 2505 gestus
1334 2442 1443 2505 ingentes

350 2529 432 2583 egent,
443 2529 498 2568 rote
509 2536 550 2584 pro
561 2527 585 2568 te
594 2521 703 2572 fundent.
727 2521 838 2570 Ceterum
855 2522 925 2570 deoet
934 2521 1041 2584 scrutur,
1051 2537 1100 2570 non
1109 2523 1191 2586 egenis
1201 2523 1301 2572 merisne
1310 2523 1444 2586 indulgere,

350 2601 393 2649 sed
405 2599 441 2648 bis
457 2600 546 2663 potius,
564 2602 605 2664 qui
617 2602 699 2651 referre
711 2601 807 2666 ριιίιιι
818 2610 935 2665 possunt:
951 2618 1029 2668 neque
1038 2603 1170 2652 amontibur
1180 2603 1266 2658 solum,
1276 2604 1318 2654 sed
1328 2604 1444 2654 beneficio

350 2681 429 2744 dignis
438 2698 445 2728 s
453 2683 525 2746 [284]
532 2697 610 2747 neque
625 2683 670 2740 bie,
677 2683 723 2746 qui
733 2684 807 2734 forme
818 2691 858 2730 tue
867 2683 1023 2748 delectentur,
1033 2685 1075 2734 red
1085 2684 1126 2748 qui
1137 2683 1180 2732 libi
1189 2685 1263 2734 etlern
1271 2685 1321 2734 esni
1331 2685 1445 2749 profuturi

350 2763 412 2814 slot:
430 2777 475 2810 neo
482 2762 539 2820 iliis,
549 2764 590 2826 qui
608 2764 659 2812 voti
668 2764 835 2828 suiooropotes
845 2763 911 2820 isoti,
922 2764 999 2828 polsru
1009 2780 1061 2814 seso
1067 2765 1202 2829 jectelrunt,
1212 2766 1255 2816 red
1266 2767 1308 2830 qui
1318 2763 1445 2824 verecundi

352 2843 480 2890 tenebunts
497 2858 575 2906 nequo
591 2843 645 2900 illis,
663 2845 705 2908 qui
721 2845 792 2893 brers
810 2845 840 2892 ed
859 2851 952 2908 ternpus
971 2854 997 2895 te
1011 2845 1100 2903 colent,
1110 2847 1152 2896 scd
1163 2845 1205 2910 qui
1215 2861 1362 2910 peromnem
1370 2847 1443 2899 ritem

351 2921 457 2970 similiter
466 2921 582 2987 diligente
600 2939 678 2988 noque
694 2924 749 2982 illis,
759 2924 927 2988 quiesstiuctu
937 2927 1178 2990 cupiditet'rserdure,
1194 2927 1444 2979 inimicitisruuroccev

352 3003 570 3067 sionesisquireut,
589 3005 631 3054 sed
649 3004 692 3068 qni
706 3005 781 3054 tonus
798 3005 976 3068 deflorescente,
993 3007 1103 3056 eirenem
1117 3023 1184 3058 suem
1193 3009 1446 3072 constentisruqueos·

352 3085 460 3137 tendent.
492 3084 529 3132 Tu
547 3085 626 3150 igitur,
635 3101 689 3150 ques
699 3086 757 3144 disi,
768 3095 894 3147 rueusento,
914 3095 985 3152 etque
994 3088 1019 3136 id
1032 3089 1120 3152 cogite,
1129 3090 1194 3154 quod
1210 3089 1353 3141 ementessb
1363 3088 1446 3137 suricis

352 3162 513 3228 increpentur,
523 3165 590 3229 qussi
601 3173 668 3230 turpe
678 3165 792 3230 quiddern
803 3168 836 3216 eit
853 3181 925 3218 eruor.
944 3176 970 3216 et
980 3183 1031 3227 eos,
1049 3169 1091 3234 qui
1101 3185 1149 3218 noc
1160 3177 1248 3232 eruent,
1256 3169 1335 3219 nullus
1344 3169 1444 3219 tonilu-

352 3243 413 3292 rium
423 3245 454 3292 ob
464 3245 490 3294 id
501 3243 627 3310 rituperst,
638 3247 703 3311 qood
715 3247 759 3295 boc
770 3255 843 3311 pecto
859 3247 920 3296 mele
931 3247 976 3296 eibi
989 3249 1035 3312 ipsi
1046 3250 1179 3300 consulent.
1212 3249 1317 3301 rusius
1328 3263 1366 3304 me
1376 3265 1444 3313 roge·

351 3325 397 3382 lris,
417 3325 532 3390 nrunquid
545 3327 711 3376 omnibusnon
722 3329 855 3379 ementibus
863 3329 1024 3394 obtemperare
1041 3337 1065 3378 te
1080 3345 1197 3384 mensem.
1224 3347 1270 3394 ego
1280 3337 1360 3380 eutem
1376 3338 1445 3392 puto,

352 3407 512 3469 nequeipsuru
522 3407 618 3470 qudem
628 3414 755 3456 srnetorern
762 3407 882 3472 jussurum
893 3425 954 3464 esse.
965 3415 989 3458 te
1000 3425 1058 3473 erge
1066 3425 1148 3460 cernes
1156 3419 1262 3460 eruentes
1272 3411 1332 3460 benc
1340 3410 1442 3463 eundern
1526 3413 1528 3418 '

346 3476 456 3534 'ruentem
466 3487 559 3535 bebere.
570 3504 647 3551 neque
658 3490 721 3537 euim
734 3491 870 3554 sucipienti,
881 3491 906 3538 id
925 3491 976 3553 peri
990 3491 1064 3554 gretie
1074 3491 1170 3556 dignum
1181 3509 1189 3552 3
1204 3507 1282 3556 neque
1292 3490 1344 3550 tibi,
1352 3497 1444 3554 ceteros

352 3561 427 3618 lutere
437 3565 536 3626 uolenti,
546 3567 652 3616 similiter
662 3569 740 3618 focile.
750 3578 844 3633 oportet
854 3569 1063 3634 sutem‚jsctursrn
1072 3573 1169 3636 quidero
1178 3589 1207 3620 en
1216 3573 1262 3620 boc
1271 3571 1370 3628 nullom,
1380 3569 1444 3618 utili·

353 3651 426 3692 tutem
442 3659 497 3694 vcro
507 3647 538 3693 ed
550 3653 660 3710 utrosque
670 3649 772 3712 eliqusm
792 3651 923 3714 provenire.
957 3651 1010 3714 Ego
1020 3651 1072 3716 jeru
1088 3653 1153 3702 dicte
1170 3652 1275 3700 sufficere
1292 3651 1406 3708 erbitror:
1423 3651 1445 3702 si

353 3723 411 3788 quid
418 3731 497 3773 sutem
507 3725 549 3774 tibi
560 3727 696 3778 eddendunr
707 3729 807 3788 ridetur,
818 3731 944 3794 interrege.
961 3733 1027 3790 Quid
1037 3733 1079 3780 tibi
1087 3733 1188 3788 ridetur,
1198 3748 1213 3780 o
1223 3730 1347 3780 Sccrelesi
1362 3745 1445 3787 nonne

353 3804 451 3854 mirifice
474 3806 604 3854 cretionem
619 3808 681 3856 beno
699 3815 724 3856 et
742 3809 766 3858 in
784 3810 836 3858 eliis
854 3812 932 3871 rebus,
948 3821 973 3861 et
988 3814 1015 3862 in
1034 3814 1108 3862 serbis
1124 3811 1279 3875 compositum
1296 3811 1364 3860 esre?
1398 3809 1443 3862 So.

352 3885 477 3935 Mirumin
488 3887 594 3944 modum,
611 3903 625 3936 o
643 3888 726 3946 onice,
741 3889 776 3939 ite
787 3892 992 3956 utobrtupuerim,
1013 3901 1085 3958 etque
1096 3893 1138 3950 ite,
1156 3908 1172 3939 o
1188 3890 1297 3954 Pususe,
1314 3898 1445 3956 propterte

353 3965 453 4021 effectus
462 3983 522 4024 runs,
532 3967 589 4016 dum
600 3975 624 4018 te
635 3969 784 4034 respicerent,
797 3973 854 4036 quie
871 3975 926 4022 mibi
943 3975 1052 4024 ridebere
1068 3973 1094 4028 in
1109 3974 1210 4038 legende
1228 3971 1335 4022 cretione
1351 3974 1444 4036 gestire.

354 4053 440 4108 putens
450 4063 516 4110 orgo,
525 4054 549 4097 te
560 4047 617 4096 telin
626 4051 701 4114 rengis
711 4065 780 4113 quern
793 4068 829 4102 rue
836 4069 986 4116 cognoscere,
996 4055 1038 4104 tibi
1050 4056 1297 4116 obsecuturum-oum
1307 4053 1388 4102 dirius
1398 4054 1445 4103 istu

353 4131 395 4176 tuo
412 4126 491 4190 oepite
508 4127 559 4191 ipss
575 4143 670 4192 quoque
680 4131 919 4193 perbeccisetuesurn.
951 4133 1021 4184 Pure.
1038 4135 1132 4186 Siccine
1142 4135 1187 4184 tibi
1198 4135 1289 4187 ridetur
1294 4134 1444 4197 jocundum?

352 4204 399 4254 So.
420 4206 472 4268 Ego
491 4208 533 4256 ubi
540 4209 617 4272 jocsri
627 4210 725 4262 vidtur?
758 4227 792 4260 en
801 4213 916 4270 noneeric
926 4215 1008 4280 inquii
1041 4216 1115 4268 Pure.
1132 4215 1206 4264 Nullo
1216 4216 1319 4276 ruodo,o
1330 4197 1448 4267 snor'sros.

353 4283 396 4338 seu
408 4297 487 4334 rerum
504 4288 551 4344 dic,
561 4305 603 4352 pcr
619 4291 636 4340 J
637 4307 704 4340 orem
712 4294 869 4358 enricsbileru,
885 4304 1099 4362 potesqusoqusm
1110 4295 1245 4348 Grercrum
1257 4296 1301 4348 hec
1317 4296 1369 4358 ipen
1379 4297 1410 4344 de
1420 4311 1446 4346 re

355 4362 424 4427 pluri
434 4357 686 4432 etque'nojorsuiouo
696 4375 781 4436 posse?
802 4375 843 4428 So.
860 4377 925 4433 Quid
936 4377 1009 4426 vero?
1028 4377 1172 4440 isurlsuduru
1181 4375 1319 4438 scriptorem
1328 4391 1358 4424 eo
1369 4375 1445 4431 suluru

354 4459 486 4501 minumus.
496 4446 552 4510 quie
561 4464 590 4518 ee
599 4451 694 4514 dixerit,
710 4469 763 4516 ques
779 4458 927 4530 oportuerit?
960 4473 989 4510 ec
1008 4473 1057 4506 non
1072 4473 1100 4506 ιο
1118 4457 1202 4534 solum,
1212 4455 1269 4519 quie
1286 4455 1401 4534 dilucide,
1419 4466 1445 4506 et
